1566 2586
0 2143 22 2586 mast-420270q
0 2120 3 2125 ²
0 2077 7 2104 --“

45 2056 53 2068 a

618 190 922 217 JUGURTHA.
1358 180 1430 216 115

117 292 284 339 v‘irtutia
343 296 478 348 Atque
498 296 630 346 etiam,
649 309 769 348 quum
792 293 896 346 apud
914 306 983 334 vos
1003 297 1072 332 aut
1091 294 1131 331 in
1153 298 1292 332 senatu
1311 294 1430 332 verba

115 363 277 412 faciunt,
296 362 482 414 pleraque
511 362 687 400 oratione
716 362 882 411 majores
913 372 1003 398 suos
1031 358 1254 408 extollunt3
1296 371 1428 396 eorum

117 427 234 466 fortia
269 427 375 464 facta
411 425 661 464 memorando
699 425 883 463 clariores
917 437 1000 462 sese
1046 427 1197 474 putant.
1275 422 1301 440 ¹⁶
1316 420 1430 468 Quod

61 503 84 531 -’.
115 497 250 530 contra
269 496 353 530 est:
385 505 475 529 nam
495 495 642 542 quanto
672 490 755 528 vita
783 489 940 528 illorum
970 488 1204 540 praeclarior,
1224 492 1336 525 tanto
1365 487 1429 524 ho-

114 569 202 595 rum
231 556 408 595 socordia
434 555 675 607 flagitiosior.
734 555 790 593 Et
819 554 995 605 profecto
1028 553 1086 591 ita
1119 566 1160 591 se
1194 565 1257 590 res
1285 551 1428 590 habet:

115 623 308 672 majorum
345 620 471 671 gloria
508 620 676 671 posteris
713 619 826 671 quasi
863 619 997 656 lumen
1035 622 1120 667 ent3
1164 629 1290 668 neque
1328 616 1430 655 bona

114 699 240 738 neque
260 685 364 724 mala
392 699 524 724 eorum
554 685 595 722 in
624 684 776 724 occulto
804 683 963 735 patitur.
1023 682 1243 733 ¹'Hujusc‘e
1273 681 1330 719 rei
1359 694 1430 731 ego

115 750 284 801 inopiam
305 750 444 802 patior,
465 749 642 796 Quirites
659 763 666 799 3
697 762 844 797 verum,
865 748 905 786 id
924 748 1028 800 quod
1049 748 1175 786 multo
1204 747 1430 799 praeclarius

115 821 187 865 est,
207 821 375 853 meamet
402 815 507 852 facta
540 814 638 852 mihi
673 814 800 852 dicere
833 813 936 851 licet.
996 813 1112 850 Nunc
1142 813 1287 862 videte,
1312 825 1429 864 quam

114 879 241 931 iniqui
260 880 348 918 sint.
408 879 523 925 Quod
542 891 591 917 ex
612 878 740 916 aliena
768 878 915 916 virtute
943 877 1018 915 sibi
1047 881 1242 928 arrogant,
1263 876 1303 914 id
1333 875 1430 914 mihi

57 939 59 941 V
115 957 165 984 ex
185 958 270 983 mea
289 957 365 983 non
394 943 635 993 concedunt,
667 943 830 991 scilicet,
850 942 942 994 quia
971 942 1161 992 imagines
1189 955 1266 979 non
1294 941 1430 992 habeo,

115 1017 157 1049 et
175 1011 268 1062 quia
287 1011 384 1048 mihi
404 1023 504 1048 nova
522 1009 710 1048 nobilitas
731 1014 801 1058 est,
816 1022 932 1060 quam
954 1013 1058 1046 certe
1074 1007 1272 1059 peperisse
1288 1007 1430 1045 melius

117 1081 188 1124 est,
207 1089 323 1127 quam
344 1080 541 1125 acceptam
562 1074 790 1124 corrupisse.
850 1072 1046 1124 Equidem
1076 1085 1148 1122 ego
1176 1085 1253 1110 non
1282 1071 1430 1122 ignoro,

117 1139 150 1178 si
176 1141 258 1190 jam
288 1139 385 1177 mihi
418 1139 650 1189 respondere
684 1138 819 1186 velint,
853 1138 1007 1175 abunde
1041 1136 1123 1174 illis
1148 1135 1356 1174 facundam
1390 1140 1430 1173 et

89 1199 96 1206 ’
115 1204 370 1255 compositam
391 1204 606 1242 orationem
626 1203 718 1240 fore.
779 1203 804 1220 ¹⁸
822 1202 900 1241 Sed
920 1202 959 1239 in
980 1201 1152 1239 maximo
1171 1206 1301 1238 vestro
1318 1200 1430 1239 bene-

114 1269 212 1319 ficio,
238 1282 358 1320 quum
391 1268 570 1307 omnibus
600 1267 696 1306 locis
727 1281 788 1305 me
819 1280 963 1318 vosque
994 1266 1218 1304 maledictis
1246 1265 1430 1316 lacerent,

114 1346 192 1371 non
219 1333 369 1384 placuit
399 1334 575 1382 reticere,
607 1346 655 1370 ne
686 1332 774 1384 quis
807 1331 1039 1369 modestiam
1075 1330 1115 1367 in
1149 1329 1429 1368 conscientiam

116 1397 286 1436 duceret.
346 1397 448 1436 Nam
470 1411 530 1435 me
551 1397 722 1448 quidem,
745 1398 770 1415 ¹⁹
785 1409 833 1434 ex
853 1395 974 1434 animi
995 1395 1072 1433 mei
1094 1395 1300 1444 sententia,
1319 1394 1430 1432 nulla

116 1462 241 1500 oratio
262 1462 403 1500 laedere
424 1467 573 1513 potest:
595 1462 738 1514 quippe
758 1474 849 1499 vera
868 1473 1024 1498 necesse
1041 1466 1100 1498 est
1116 1460 1213 1498 bene
1231 1459 1430 1510 praedicet,

117 1527 254 1565 falsam
285 1528 368 1564 vita
394 1540 596 1577 moresque
627 1527 705 1564 mei
737 1531 931 1576 superant.
991 1524 1067 1563 Sed
1093 1524 1276 1576 quoniam
1298 1529 1429 1562 vestra

117 1591 280 1628 consilia
295 1596 536 1637 accusantur,
548 1590 615 1641 qui
633 1590 728 1627 mihi
745 1602 939 1626 summum
955 1588 1140 1625 honorem
1157 1594 1197 1625 et
1213 1588 1428 1625 maximum

118 1654 318 1704 negotium
353 1654 604 1704 imposuistis,
638 1652 757 1690 etiam
797 1659 914 1703 atque
954 1652 1073 1688 etiam
1110 1657 1303 1702 reputate,
1336 1665 1430 1690 num

58 1767 60 1770 Ι
118 1730 251 1755 eorum
272 1716 536 1767 poenitendum
559 1717 619 1753 sit.
664 1716 751 1753 Non
768 1714 936 1766 possum,
949 1716 977 1733 ²⁰
990 1715 1080 1753 fidei
1097 1728 1212 1752 causa
1229 1715 1430 1766 imagines,

118 1795 242 1833 neque
274 1781 492 1832 triumphos
523 1789 591 1819 aut
622 1781 846 1819 consulatus
876 1782 1068 1831 majorum
1099 1794 1272 1818 meorum
1305 1786 1430 1818 osten-

119 1852 228 1894 tare3
271 1852 322 1893 at,
354 1847 385 1884 si
421 1859 482 1884 res
515 1846 698 1896 postulet,
730 1846 872 1895 hastas,
904 1846 1106 1894 vexillum,
1134 1845 1325 1896 phaleras,
1352 1846 1430 1883 alia

119 1910 308 1947 militaria
338 1910 462 1958 dona;
499 1916 686 1960 praeterea
715 1910 916 1947 cicatrices
942 1910 1103 1948 adverso
1124 1923 1292 1960 corpore.
1353 1910 1430 1948 Hae

119 1981 210 2013 sunt
232 1988 325 2012 meae
347 1975 545 2024 imagines,
566 1974 646 2012 haec
665 1974 862 2024 nobilitas,
874 1988 950 2012 non
971 1975 1202 2013 haereditate
1222 1975 1371 2023 relicta,
1384 1980 1429 2012 ut

119 2039 187 2077 illa
220 2039 310 2087 illis,
331 2039 398 2076 scd
430 2053 516 2090 quae
548 2045 701 2089 egomet
731 2039 910 2089 plurimis
941 2040 1141 2078 laboribus
1172 2046 1212 2078 et
1244 2040 1429 2090 periculis

117 2104 290 2155 quaesivi.
359 2104 385 2122 ²¹
403 2104 491 2141 Non
531 2109 621 2141 sunt
660 2104 874 2154 composita
896 2118 997 2143 >mea
1030 2105 1173 2154 verba3
1216 2118 1352 2155 parum
1389 2104 1429 2141 id

119 2167 243 2217 faci03
276 2168 360 2218 ipsa
382 2181 420 2205 se
441 2168 568 2206 virtus
589 2167 685 2205 satis
705 2168 900 2206 ostendit:
937 2168 1018 2206 illis
1047 2169 1211 2206 artificio
1241 2181 1337 2217 opus
1358 2173 1429 2217 est,

118 2238 164 2270 ut
198 2234 327 2284 turpia
360 2234 463 2270 facta
495 2233 669 2270 oratione
707 2238 850 2283 tegant.
910 2234 1048 2285 Neque
1079 2234 1234 2271 litteras
1272 2232 1429 2271 Graecas

121 2297 238 2334 didici
258 2312 263 2334 :
295 2312 429 2347 parum
453 2298 629 2348 placebat
651 2310 714 2334 eas
736 2297 894 2348 discere,
913 2299 941 2317 ²²
955 2299 1098 2350 quippe
1118 2311 1205 2348 quae
1231 2297 1279 2334 ad
1308 2297 1428 2334 virtu-

120 2368 200 2399 tem
222 2361 445 2400 doctoribus
473 2363 571 2399 nihil
601 2363 838 2412 prosum-um.
895 2363 924 2381 ²³
940 2365 998 2401 At
1028 2364 1096 2400 illa
1126 2363 1249 2399 inulto
1279 2362 1427 2412 optima

119 2425 178 2464 rei
192 2425 359 2476 publicae
374 2426 510 2465 doctus
530 2440 627 2476 sum,
640 2426 791 2465 hostem
810 2428 939 2478 ferire,
951 2427 1133 2479 praesidia
1154 2427 1315 2478 agitare,
1327 2426 1427 2465 nihil
