1566 2586
18 0 73 26 ’τ’

660 138 970 164 JUGURTHA.
1404 129 1476 166 129

156 242 350 296 persequi,
407 242 474 281 Ad
501 241 574 280 hoc
602 241 743 293 populo
778 241 956 280 Romano
980 243 1061 292 jam
1083 255 1105 279 a
1123 242 1313 292 principio
1335 243 1476 282 melius

156 307 295 358 visum,
311 307 455 346 amicos
475 321 592 359 quam
612 320 743 346 servos
763 320 957 358 quaerere:
990 307 1192 358 tutiusque
1214 308 1224 324 ⁶
1240 308 1328 356 rati,
1345 309 1474 346 volen-

157 373 265 412 tibus
283 386 399 424 quam
419 373 564 411 coactis
580 373 814 423 imperitare.
874 372 965 410 Tibi
985 385 1076 410 vero
1096 371 1204 409 nulla
1218 374 1473 422 opportunior

155 443 289 476 nostra
304 437 499 475 amicitia:
527 437 695 487 primum
708 437 812 488 quod
833 437 845 455 ⁷
858 436 992 487 procul
1005 437 1201 485 absumus,
1216 437 1254 474 in
1268 450 1343 488 quo
1360 438 1474 475 offen-

156 514 210 540 sae
229 501 444 551 minimum,
464 501 593 551 gratia
611 515 692 551 par,
712 514 756 538 ac
776 501 808 539 si
830 514 947 551 prope
968 501 1192 539 adessemus
1209 515 1215 538 :
1247 501 1348 550 dein,
1369 502 1473 553 quod

157 572 337 617 parentes
357 567 511 605 abunde
532 566 730 617 habemus,
751 567 963 605 amicorum
983 580 1108 618 neque
1124 567 1238 606 nobis
1257 581 1382 618 neque
1397 568 1474 605 cui-

157 643 273 681 quam
293 631 465 668 omnium
486 631 582 668 satis
597 630 682 668 fuit.
742 631 876 681 Atque
897 630 968 668 hoc
983 630 1134 667 utinam
1151 643 1174 667 a
1189 630 1380 680 principio
1398 630 1473 668 tibi

157 694 370 744 placuisset
387 708 393 732 :
432 695 606 745 profecto
637 707 685 732 ex
715 694 858 745 populo
890 694 1068 732 Romano
1103 694 1115 712 ⁸
1135 694 1183 732 ad
1215 694 1286 732 hoc
1318 700 1472 745 tempus

155 759 280 796 multo
299 758 413 809 plura
431 759 532 797 bona
552 759 778 809 accepisses,
797 772 914 810 quam
935 759 1039 796 mala
1058 772 1263 810 perpessus
1283 773 1333 797 es.
1393 759 1472 798 Sed

155 822 338 874 quoniam
359 821 615 860 humanarum
634 836 764 860 rerum
785 822 960 860 Fortuna
980 822 1167 874 pleraque
1188 823 1302 873 regit,
1319 823 1381 861 cui
1402 823 1471 860 sei-

157 885 252 925 licet
280 887 471 938 placuisse
492 892 532 926 et
551 890 630 926 vim
651 892 691 926 et
710 888 879 938 gratiam
899 893 1073 925 nostram
1095 893 1134 926 te
1155 888 1336 938 experiri,
1356 902 1470 939 nuuc,

156 951 311 1002 quando
343 964 412 1002 per
441 951 551 989 illam
584 951 689 1002 licet,
718 952 873 1002 festina,
901 957 1031 1003 atque,
1059 953 1119 990 uti
1146 953 1309 1003 coepisti,
1339 967 1468 1004 perge.

158 1015 290 1054 Multa
319 1022 436 1068 atque
465 1023 680 1067 opportuna
713 1018 844 1067 habes,
865 1019 966 1068 ”quo
994 1018 1149 1056 facilius
1178 1024 1308 1056 errata
1337 1019 1470 1057 officiis

157 1093 323 1131 superes.
382 1081 586 1120 Postremo
614 1082 686 1120 hoc
715 1083 756 1120 in
782 1088 919 1133 pectus
939 1089 1051 1121 tuum
1073 1083 1250 1134 demitte,
1270 1098 1467 1136 nunquam

155 1145 341 1196 populum
362 1146 584 1184 Romanum
604 1147 803 1186 beneficiis
821 1147 968 1187 victum
989 1161 1096 1199 esse;
1128 1162 1229 1199 nam,
1250 1149 1353 1187 bello
1373 1149 1470 1201 quid

153 1209 297 1260 valeat,
316 1215 402 1248 tute
423 1211 532 1248 seis.''

232 1274 300 1312 Ad
334 1287 379 1313 ea
409 1274 589 1313 Bocchus
619 1275 772 1326 placide
803 1281 845 1314 et
877 1276 1067 1327 benigne;
1098 1277 1216 1315 simul
1244 1291 1368 1328 pauca
1396 1291 1468 1328 pro

153 1339 297 1378 delicto
318 1353 387 1378 suo
406 1340 526 1378 verba
545 1341 663 1378 facit:
694 1342 702 1361 ‘
720 1341 770 1380 Se
796 1355 874 1379 non
901 1342 1037 1380 hostili
1066 1342 1207 1393 animo,
1227 1343 1295 1381 sed
1316 1343 1365 1381 ob
1386 1357 1469 1394 reg·

151 1417 244 1442 num
265 1405 474 1442 tutandum
490 1418 597 1443 arma
617 1406 785 1456 cepisse:
815 1420 905 1444 nam
923 1407 960 1444 N
964 1407 1124 1446 umidiae
1139 1413 1302 1458 partem,
1325 1409 1350 1426 ¹⁰
1363 1409 1466 1446 unde

150 1468 190 1507 vi
211 1469 451 1519 ‚Iugurtham
472 1470 678 1520 expulerit,
694 1472 783 1520 jure
814 1471 910 1509 belli
941 1485 1050 1509 suam
1079 1472 1244 1510 factam:
1279 1486 1364 1510 eam
1383 1486 1467 1511 vas-

151 1532 230 1570 tari
249 1545 272 1570 a.
293 1532 420 1570 Mario
435 1533 519 1583 pati
533 1533 754 1584 nequivisse
772 1547 779 1571 :
809 1540 1009 1584 praeterea,
1022 1535 1152 1573 missis
1168 1541 1283 1573 antea
1297 1537 1466 1575 Romam

151 1595 307 1647 legatis,
327 1597 353 1615 ¹¹
366 1597 565 1647 repulsum
594 1598 643 1635 ab
672 1598 855 1635 amicitia.
916 1597 1099 1637 Ceterum
1118 1604 1252 1637 vetera
1272 1601 1466 1651 omittere,

153 1673 198 1699 ac
217 1666 314 1711 tum,
334 1661 367 1699 si
396 1674 466 1712 per
495 1661 665 1700 Marium
698 1662 847 1713 liceret,
866 1662 1016 1713 legatos
1050 1664 1100 1702 ad
1130 1670 1308 1702 senatum
1329 1665 1466 1704 missu-

151 1728 262 1764 rum.’
319 1725 432 1775 Dein,
453 1727 480 1744 ¹²
493 1727 603 1777 copia
621 1726 737 1776 facta,
756 1726 909 1765 animus
930 1727 1086 1767 barbari
1106 1729 1154 1767 ab
1175 1729 1311 1768 amicis
1330 1730 1464 1781 flexus,

151 1802 249 1842 quos
269 1789 300 1828 J
302 1789 483 1840 ugurtha,
503 1789 659 1840 cognita
678 1789 874 1841 legatione
895 1791 1018 1830 Sullae
1042 1797 1082 1830 et
1111 1792 1265 1843 Manlii,
1284 1798 1463 1832 metuens

151 1855 204 1907 id,
222 1855 327 1908 quod
346 1856 568 1906 parabatur,
588 1856 699 1894 donis
719 1862 954 1908 corruperat.

232 1919 350 1960 CIII.
383 1920 534 1958 Marius
562 1920 722 1970 interea,
743 1922 917 1960 exercitu
947 1922 987 1960 in
1018 1921 1283 1961 hibernaculis
1313 1936 1462 1974 compo·

150 1985 238 2034 sito,
257 1998 346 2022 cum
367 1984 561 2036 expeditis
589 1985 815 2024 cohortibus
833 1991 874 2024 et
892 1992 1004 2038 parte
1029 1987 1228 2040 equitatus
1256 1988 1462 2038 proficisci-

149 2053 214 2088 tur
245 2049 310 2087 ¹in
339 2049 424 2088 loca
455 2049 549 2100 sola,
577 2043 775 2088 obsessum
806 2052 946 2090 turrim
979 2053 1138 2103 regiam,
1158 2066 1234 2105 quo
1257 2053 1286 2091 ,J
1290 2053 1461 2102 ugurtha

147 2114 330 2165 perfugas
349 2127 482 2153 omnes
509 2115 735 2166 praesidium
764 2115 1010 2167 imposuerat.
1070 2118 1171 2156 Tum
1200 2130 1335 2156 rursus
1363 2117 1461 2155 Boc-

148 2178 254 2228 chus,
274 2191 343 2217 seu
361 2179 590 2230 reputando,
609 2193 695 2231 quae
714 2180 790 2219 sibi
810 2181 960 2220 duobus
978 2183 1125 2233 proeliis
1145 2183 1158 2200 ²
1170 2186 1369 2229 venerant,
1390 2194 1459 2220 seu

149 2243 370 2283 admonitus
397 2245 446 2283 ab
476 2245 564 2283 aliis
593 2245 739 2295 amicis,
760 2259 856 2298 quos
883 2246 1127 2298 incorruptos
1149 2247 1179 2286 J
1182 2246 1351 2296 ugurtha
1370 2245 1458 2284 reli-

149 2314 298 2360 querat,
318 2323 366 2348 ex
386 2310 490 2348 omni
516 2311 628 2361 copia
657 2312 963 2351 necessariorum
994 2313 1166 2364 quinque
1187 2312 1347 2363 delegit,
1366 2325 1456 2364 quo-

148 2386 234 2412 rum
255 2379 295 2412 et
312 2374 407 2414 fides
427 2375 594 2426 cognita,
614 2381 654 2413 et
673 2375 828 2427 ingenia
846 2378 1090 2416 validissima
1118 2382 1237 2415 erant.
1297 2377 1376 2415 Eos
1405 2377 1456 2415 ad

348 2439 396 2475 δῦ
