1630 2626
237 201 287 238 64
451 200 462 209 ”
586 215 628 239 c.
679 214 856 240 crusrr
902 214 1182 240 SALLnsrn

233 326 354 364 neque
373 313 468 350 mihi
488 313 528 350 in
547 327 662 351 manu
682 314 767 364 fuit,
787 314 818 352 J
819 315 986 364 ugurtha
1005 315 1130 366 qualis
1149 316 1258 365 foret,
1277 315 1326 353 ad
1344 329 1408 355 voe
1445 330 1514 365 ›on-

232 375 326 425 fugi,
344 380 472 424 patres
501 377 716 426 conscripti,
735 377 885 427 quibus,
904 378 1005 428 quod
1033 378 1128 414 mihi
1156 379 1410 417 miserrimum
1441 385 1512 430 est,

232 450 346 487 cogor
364 439 470 488 prius
491 439 595 476 oncri
614 453 727 489 quam
753 441 839 476 usui
871 453 960 477 esse.
1020 440 1149 478 Ceteri
1178 455 1286 491 reges
1317 448 1384 480 aut
1410 443 1512 482 bello

230 501 324 539 victi
344 501 382 538 in
404 502 612 539 amicitiam
635 516 656 539 a
682 503 790 540 vobis
818 503 960 552 recepti
991 509 1090 552 sunt,
1111 509 1177 540 aut
1209 505 1248 541 in
1277 505 1356 543 suis
1385 505 1512 544 dubiis

229 565 344 602 rebus
364 565 585 602 societatem
605 571 773 603 vestram
794 566 1060 615 appetiverunt
1077 580 1083 603 ε
1113 567 1261 604 familia
1280 573 1410 605 nostra
1425 581 1510 606 cum

229 628 368 678 populo
402 629 576 666 Romano
609 629 710 667 bello
745 628 1054 678 Carthaginiensi
1086 630 1294 667 amicitiam
1327 631 1512 681 instituit,

231 692 328 741 ‘’quo
355 696 522 741 tempore
552 692 675 741 magis
693 692 786 729 fides
815 694 897 741 ejus
917 706 1029 742 quam
1050 693 1203 730 fortuna
1221 693 1387 742 petenda
1414 698 1509 731 erat.

230 755 242 773 ⁶
257 754 427 800 Quorum
447 756 667 805 progeniem
688 769 766 805 vos,
785 762 912 806 patres
943 757 1157 806 conscripti,
1176 757 1298 794 nolite
1328 757 1410 808 pati
1439 770 1512 800 me,

231 822 407 867 nepotem
429 817 645 856 Masinissae
664 819 807 856 frustra
827 832 848 856 a
867 819 976 857 vobis
995 819 1180 856 auxilium
1200 824 1339 870 petere.

309 882 352 920 Si
372 883 383 900 ⁷
397 883 445 919 ad
465 882 746 932 impetrandum
768 882 865 919 nihil
885 895 1008 920 causae
1027 883 1206 920 haberem
1233 870 1373 933 'praeter
1400 883 1510 921 mise-

228 944 387 980 randam
407 944 612 993 fortunam,
632 945 733 995 quod
752 945 865 994 paulo
885 949 974 981 ante
1002 957 1069 981 rex
1097 957 1247 994 genere,
1265 945 1367 982 fama
1394 949 1510 996 atque

227 1007 345 1056 copiis
364 1012 509 1056 potens,
527 1020 627 1044 nunc
647 1007 882 1044 deformatus
901 1007 1092 1056 aerumuis,
1111 1007 1230 1056 inops,
1250 1006 1395 1044 alienas
1420 1019 1510 1056 opes

227 1076 416 1120 exspecto,
446 1075 574 1108 tamen
605 1076 687 1107 erat
706 1071 920 1119 majestatis
951 1070 1082 1120 populi
1113 1070 1278 1108 Romani
1309 1069 1510 1119 prohibere

226 1133 418 1182 injuriam,
437 1146 560 1183 neque
579 1134 661 1183 pati
680 1134 904 1183 cujusquam
924 1146 1082 1182 regnum
1102 1145 1169 1182 per
1188 1132 1312 1170 scelus
1329 1145 1506 1170 crescere.

227 1195 375 1233 Verum
405 1209 474 1245 ego
503 1196 563 1233 his
594 1196 733 1234 finibus
761 1197 907 1245 ejectus
941 1209 1035 1245 sum,
1055 1208 1149 1246 quos
1176 1195 1387 1244 majoribus
1413 1195 1508 1232 meis

225 1259 387 1308 populus
419 1259 618 1296 Romanus
638 1259 768 1307 dedit3
798 1259 899 1296 unde
930 1264 1040 1308 pater
1059 1263 1098 1295 et
1117 1271 1210 1296 avus
1229 1271 1336 1296 meus
1353 1271 1430 1295 una
1447 1271 1508 1296 vo-

225 1322 372 1359 biscum
404 1323 583 1371 expulere
619 1322 831 1372 Syphacem
865 1327 904 1359 et
947 1322 1292 1372 Carthaginienses.
1363 1322 1508 1360 Vestra

224 1384 408 1423 beneficia
436 1385 531 1421 mihi
566 1390 697 1434 erepta
731 1390 831 1433 sunt,
859 1390 990 1434 patres
1023 1385 1239 1434 conscripti,
1257 1397 1324 1422 vos
1354 1385 1394 1422 in
1422 1397 1508 1422 mea

224 1447 366 1496 injuria
399 1447 571 1497 despecti
606 1448 708 1485 estis.
781 1447 892 1484 Eheu
925 1460 985 1484 me
1018 1447 1223 1484 miserum!
1293 1447 1305 1464 ⁸
1319 1447 1506 1496 Huccine,

226 1511 391 1560 Micipsa
419 1517 538 1561 pater,
569 1512 752 1550 beneficia
787 1516 853 1548 tua
886 1524 1050 1559 evasere,
1082 1515 1137 1558 ut,
1156 1523 1268 1561 quem
1302 1515 1346 1547 tu
1376 1523 1505 1560 parem

224 1587 310 1611 cum
341 1574 473 1612 liberis
494 1575 583 1622 tuis,
603 1574 788 1624 regnique
810 1574 1035 1623 participem
1055 1573 1193 1621 fecisti,
1213 1573 1246 1610 is
1265 1573 1506 1622 potissimum

224 1638 357 1688 stirpis
388 1644 465 1675 tuae
485 1638 678 1675 extinctor
710 1638 787 1675 sit?
844 1637 1051 1687 Nunquam
1083 1649 1172 1686 ergo
1199 1636 1348 1673 familia
1376 1641 1506 1674 nostra

222 1701 354 1751 quieta
375 1701 478 1738 erit?
509 1713 709 1753 semperne*
728 1700 767 1737 in
787 1700 982 1749 sanguine,
1001 1700 1113 1748 ferro,
1132 1699 1223 1749 fuga
1241 1699 1504 1737 versabimur?

224 1764 325 1802 Dum
358 1763 696 1812 Carthaginienses
730 1763 940 1800 incolumes
978 1763 1096 1811 fuere,
1118 1763 1205 1811 jure
1248 1762 1374 1800 omnia
1406 1775 1506 1801 saeva

222 1827 485 1877 patiebamur:
515 1827 644 1864 hostes
663 1826 711 1864 ab
740 1826 872 1874 latere,
891 1839 957 1863 vos
977 1826 1089 1862 amici
1118 1826 1261 1876 procul,
1280 1838 1365 1876 spes
1383 1826 1505 1864 omnis

223 1889 263 1926 in
283 1889 399 1926 armis
420 1895 511 1926 erat.
571 1889 783 1938 Postquam
813 1890 825 1906 ⁹
838 1889 905 1925 illa
923 1889 1042 1938 pestis
1063 1902 1110 1926 ex
1138 1889 1275 1926 Africa
1293 1890 1416 1938 ejecta
1434 1893 1504 1938 est,

222 1952 304 1989 laeti
337 1964 469 2002 pacem
499 1951 764 2000 agitabamus;
808 1952 947 2001 quippe
975 1957 1062 2002 quis
1094 1952 1216 1989 hostis
1247 1951 1377 1989 nullus
1409 1955 1503 2000 erat,

222 2015 296 2053 nisi
315 2015 414 2052 forte
433 2028 547 2065 quem
567 2028 633 2052 vos
662 2015 884 2064 jussissetis.
942 2015 1042 2052 Ecce
1073 2020 1200 2052 autem
1221 2027 1268 2052 ex
1297 2013 1502 2063 improviso

223 2080 252 2118 J
255 2079 421 2130 ugurtha
441 2079 681 2116 intoleranda
700 2079 868 2127 audacia,
888 2078 1028 2116 scelere
1049 2083 1164 2128 atque
1183 2077 1361 2127 superbia
1381 2078 1407 2095 ¹⁰
1420 2089 1502 2114 sese

223 2144 394 2192 efferens,
413 2143 532 2180 fratre
553 2155 636 2179 meo
656 2147 771 2192 atque
793 2142 926 2179 eodem
956 2141 1166 2192 propinquo
1186 2153 1255 2178 suo
1286 2139 1501 2189 interfecto,

221 2206 386 2255 primum
414 2217 574 2255 regnum
603 2206 686 2254 ejus
717 2205 871 2242 sceleris
900 2204 959 2242 sui
988 2203 1156 2253 praedam
1176 2203 1288 2240 fecit:
1317 2207 1414 2252 post,
1433 2202 1502 2241 ubi

222 2281 282 2305 me
302 2268 438 2306 iisdem
467 2267 565 2305 dolis
594 2267 729 2317 nequit
759 2280 903 2316 capere,
923 2266 1021 2304 nihil
1050 2266 1176 2303 minus
1195 2279 1309 2316 quam
1327 2265 1405 2303 vim
1434 2269 1502 2303 aut

222 2331 366 2370 bellum
397 2336 679 2382 exspectantem
713 2330 752 2367 in
782 2330 942 2380 imperio
971 2334 1107 2379 vestro,
1127 2329 1240 2366 sicuti
1268 2329 1420 2374 videtis,
1439 2341 1500 2381 ex-
