1586 2586
651 203 932 231 carnum.
1406 194 1452 232 19

135 326 205 360 aut
228 320 417 372 sanguine
437 320 546 359 civili
566 320 720 371 alebat3
751 325 947 371 postremo
969 333 1112 370 omnes,
1132 333 1228 371 quos
1247 320 1453 372 flagitium,

136 390 300 438 egestas,
327 386 502 424 conscius
531 386 684 423 animus
718 385 967 436 exagitabat3
999 385 1040 422 hi
1071 384 1255 424 Catilinae
1282 386 1452 436 proximi

135 451 426 503 familiaresque
457 456 576 489 erant.
649 450 762 497 Quod
796 451 829 488 si
860 451 948 502 quis
969 451 1089 488 etiam
1118 464 1140 488 a
1174 451 1287 501 culpa
1307 464 1452 489 vacuus

134 517 175 554 in
209 516 424 554 amicitiam
463 517 548 566 ejus
580 515 784 566 inciderat,
823 515 1053 566 quotidiano
1094 529 1167 552 usu
1207 520 1326 566 atque
1366 515 1451 552 ille-

135 581 262 619 cebris
308 580 426 618 facile
472 580 484 598 ⁴
501 594 570 631 par
610 579 826 631 similisque
874 579 1016 617 ceteris
1051 579 1299 617 efficiebatur.
1373 579 1451 618 Sed

134 646 304 684 maxime
353 645 661 683 adolescentium
700 644 995 682 familiaritates
1035 645 1266 695 appetebat,
1316 657 1451 682 eorum

135 710 257 748 animi
298 709 437 747 molles
466 715 506 747 et
535 714 654 747 aetate
682 709 778 746 fluxi
808 708 910 746 dolis
941 709 1044 746 haud
1087 708 1295 746 difficulter
1328 709 1452 759 capie-

135 774 287 812 bantur.
347 774 450 811 Nam
482 773 542 810 uti
571 774 759 824 cujusque
790 773 964 810 studium
995 773 1071 810 ‘'ex
1100 778 1217 810 aetate
1247 773 1451 823 flagrabat,

136 838 225 876 aliis
264 842 392 876 scorta
433 837 618 888 praebere,
661 837 750 874 aliis
789 850 903 874 canes
943 842 1062 888 atque
1096 850 1216 888 equos
1260 837 1448 887 mercarig

134 908 328 953 postremo
348 915 473 954 neque
494 902 668 952 sumptui
688 915 814 952 neque
834 901 1038 940 modestiae
1067 915 1146 940 suae
1166 915 1336 952 parcere,
1357 902 1450 940 dum

135 968 224 1006 illos
254 968 440 1007 obnoxios
461 968 633 1019 fidosque
655 967 730 1005 sibi
751 968 908 1004 faceret.
973 967 1061 1006 Scio
1082 967 1201 1005 fuisse
1231 968 1450 1018 nonnullos,

135 1032 204 1083 qui
245 1032 301 1069 ita
340 1032 625 1079 existimarent,
651 1033 912 1082 juventutem,
940 1046 1028 1082 qua}
1067 1032 1225 1069 domum
1266 1031 1451 1070 Catilinae

137 1096 424 1148 frequentabat,
444 1109 580 1146 parum
602 1095 763 1133 honeste
791 1095 1023 1146 pudicitiam
1060 1095 1265 1146 habuisse,
1305 1097 1373 1134 sed
1403 1110 1451 1134 ex

137 1160 226 1198 aliis
255 1159 372 1198 rebus
393 1160 528 1210 magis,
548 1173 666 1211 quam
685 1159 790 1211 quod
811 1159 992 1211 cuiquam
1014 1160 1054 1196 id
1075 1165 1317 1210 compertum
1338 1161 1452 1211 foret,

135 1224 216 1262 haec
236 1225 340 1262 fama
359 1225 527 1262 valebat.

210 1287 306 1326 XV.
339 1288 433 1326 Jam
468 1288 638 1338 primum
668 1288 894 1326 adolescens
925 1287 1099 1327 Catilina
1127 1288 1253 1326 multa
1282 1289 1452 1327 nefanda

135 1357 270 1403 stupra
299 1353 458 1402 fecerat,
490 1354 602 1390 lcum
631 1353 784 1403 virgine
813 1352 950 1403 nobili,
971 1365 1058 1390 cum
1080 1353 1280 1391 sacerdote
1303 1353 1450 1403 Vestae,

133 1417 212 1455 alia
239 1417 509 1468 hujuscemodi
539 1423 674 1455 contra
710 1420 776 1468 jus
814 1418 960 1469 fasque.
1039 1418 1245 1456 Postremo
1287 1419 1450 1469 ²captus

133 1495 263 1520 amore
302 1482 478 1520 Aureliae
529 1481 742 1533 Orestillae,
780 1484 892 1533 eujus
944 1488 1087 1534 praeter
1132 1483 1297 1521 formam
1348 1483 1449 1521 nihil

131 1561 304 1599 unquam
336 1547 460 1586 bonus
501 1547 690 1597 laudavit,
719 1548 823 1599 quod
865 1561 910 1586 ea
948 1548 1095 1586 nubere
1134 1548 1194 1585 illi
1227 1549 1450 1598 dubitabat,

133 1611 276 1648 timens
297 1610 520 1661 privignum
551 1611 688 1648 adulta
721 1617 850 1660 aetate,
870 1625 940 1661 pro
961 1616 1068 1649 certo
1097 1612 1283 1660 creditur,
1311 1617 1450 1650 necato

132 1676 224 1726 filio,
252 1689 414 1714 vacuam
444 1677 601 1714 domum
632 1677 807 1714 scelestis
836 1677 986 1727 nuptiis
1007 1677 1154 1714 fecisse.
1214 1677 1338 1723 ³Quae
1367 1678 1451 1728 qui-

133 1741 222 1778 dem
259 1753 323 1778 res
360 1740 457 1777 mihi
495 1740 535 1777 in
574 1741 711 1791 primis
757 1741 914 1778 videtur
952 1754 1067 1778 causa
1105 1741 1226 1779 fuisse
1265 1742 1450 1779 facinoris

133 1804 368 1842 maturandi.
447 1804 631 1856 Namque
661 1805 814 1842 animus
845 1805 1034 1856 impurus,
1056 1806 1116 1843 dis
1147 1805 1448 1857 hominibusque

133 1868 145 1886 ⁴
159 1868 336 1916 infestus,
357 1880 481 1919 neque
501 1867 649 1918 vigiliis
670 1881 795 1918 neque
815 1868 1016 1919 quietibus
1037 1868 1164 1906 sedari
1184 1874 1360 1919 poterat:
1393 1869 1450 1906 ita

133 1932 370 1970 conscientia
403 1937 573 1969 mentem
595 1932 764 1969 excitam
785 1933 976 1970 vastabat.
1037 1933 1169 1982 Igitur
1189 1933 1294 1971 colos
1315 1947 1449 1971 exsan-

131 1998 232 2048 guis,
253 1998 345 2035 foedi
378 1997 492 2045 oculi,
514 1997 616 2034 citus
636 1998 764 2047 modo,
785 1998 900 2035 modo
922 1998 1059 2036 tardus
1090 1999 1101 2015 ⁶
1115 1998 1311 2048 incessus3
1343 2012 1448 2049 pror-

132 2074 197 2100 sus
217 2062 256 2099 in
276 2062 374 2099 facie
395 2061 584 2112 vultuque
606 2062 785 2099 vecordia
806 2062 941 2100 inerat.

211 2125 330 2164 XVI.
364 2125 440 2164 Sed
459 2127 720 2175 juventutem,
738 2139 867 2177 quam,
891 2127 958 2163 ¹ut
979 2139 1095 2176 supra
1115 2126 1298 2175 diximus,
1316 2125 1448 2163 illexe—

131 2196 194 2229 rat
214 2191 350 2229 multis
382 2191 520 2241 modis,
541 2191 645 2228 mala
665 2181 838 2230 facinora
858 2192 1056 2230 edocebat.
1118 2191 1181 2229 Ex
1214 2191 1295 2228 illis
1324 2196 1447 2229 testes

132 2256 426 2307 signatoresque
447 2256 566 2293 falsos
587 2256 854 2306 commodare3
886 2258 899 2275 ²
915 2257 1043 2306 fidem,
1063 2257 1252 2304 fortunas,
1272 2255 1447 2306 pericula

131 2320 226 2358 vilia
246 2320 400 2370 habere,
413 2326 513 2371 post,
533 2321 602 2358 ubi
619 2333 750 2358 eorum
773 2322 917 2360 famam
939 2328 1056 2373 atque
1077 2321 1265 2371 pudorem
1286 2321 1445 2359 attrive-

133 2389 206 2434 rat,
225 2387 373 2435 majora
403 2386 481 2424 alia
502 2386 729 2436 imperabat.
789 2387 831 2426 Si
853 2401 969 2425 causa
989 2386 1176 2437 peccandi
1205 2385 1243 2424 in
1274 2399 1445 2437 praesens

135 2449 289 2487 ’minus
332 2451 578 2502 suppetebat,
612 2451 736 2490 nihilo
778 2452 909 2491 minus
938 2453 1112 2490 insontes
1155 2451 1272 2489 sicuti
1313 2457 1444 2490 sontes
