1566 2586
126 139 176 176 84
474 153 516 178 c.
566 153 743 178 clusm
790 154 1071 181 SALLUSTII

126 261 287 312 imperii,
309 276 396 312 pars
427 264 583 302 insolita
609 278 735 302 rerum
764 266 990 304 bellicarum
1019 268 1179 305 ¹timere
1206 267 1400 307 libertati:
1440 249 1445 257 ¹

126 324 229 362 Aulo
257 338 387 363 omnes
419 326 560 374 infesti,
593 339 636 363 ac
666 327 842 376 maxime,
874 328 940 378 qui
972 328 1074 366 bello
1103 341 1201 378 saepe
1228 329 1402 378 praeelari

123 387 285 437 fuerant,
304 388 406 438 quod
433 395 603 426 armatus
623 389 806 426 dedecore
826 390 953 438 potius
971 403 1085 440 quam
1104 399 1219 428 manu
1237 391 1402 428 salutem

124 451 359 501 quaesiverat.
420 451 481 490 Ob
512 465 555 488 ca
584 452 715 489 consul
735 453 903 489 Albinus
923 466 970 490 ex
998 453 1140 491 delicto
1159 454 1291 491 fratris
1308 454 1402 492 invi-

125 513 226 550 diam
247 527 290 550 ac
310 514 447 550 deinde
467 514 678 563 periculum
700 515 850 563 timens,
869 519 1043 552 senatum
1063 517 1075 533 ²
1093 516 1139 553 de
1158 516 1298 554 foedere
1317 529 1400 554 con-

124 576 274 613 sulebat
291 589 297 624 3
321 581 360 612 et
375 581 503 613 tamen
523 577 676 614 interim
698 577 884 615 exercitui
903 578 1206 627 supplementum
1225 578 1402 627 scribere,

123 638 170 675 ab
191 639 303 675 sociis
323 644 362 675 et
381 639 533 676 nomine
554 640 694 676 Latino
714 639 858 676 auxilia
877 653 1077 688 arcessere,
1097 640 1259 690 denique
1278 641 1402 678 modis

123 701 298 737 omnibus
318 701 508 738 festinare.
567 701 731 739 Senatus
762 702 827 750 ita,
847 702 905 739 uti
935 715 1003 751 par
1030 703 1166 750 fuerat,
1195 702 1402 752 ’decernit,
1450 692 1454 695 “

123 765 211 800 ‘suo
240 769 354 814 atque
384 765 515 814 populi
556 765 704 814 injussu
740 765 889 802 nullum
926 766 1096 814 potuisse
1133 766 1255 804 foedus
1294 766 1400 803 fieri.’

125 826 267 864 Consul
302 827 510 876 impeditus
543 840 565 864 a
595 827 761 865 tribunis
793 827 927 876 plebis,
965 828 1051 876 ⁴ne,
1081 841 1174 878 quas
1199 833 1402 878 paraverat

123 891 259 939 copias,
290 903 416 927 secum
447 896 628 940 portaret,
656 891 786 940 paucis
815 891 950 928 diebus
976 891 1015 927 in
1036 891 1209 928 Africam
1237 891 1402 940 proficis-

122 953 244 990 citur:
297 967 384 990 nam
423 954 545 991 omnis
587 955 789 1002 exercitus,
831 954 890 990 uti
937 958 1176 1002 convenerat,
1215 953 1402 990 Numidia

122 1016 320 1064 deductus,
357 1016 397 1052 in
444 1017 638 1065 provincia
676 1016 880 1053 hiemabat.
956 1015 1166 1066 Postquam
1204 1028 1247 1052 eo
1283 1015 1401 1065 venit,

121 1091 350 1128 quamquam
381 1078 557 1128 persequi
582 1078 819 1126 Jugurtham
839 1083 877 1114 et
911 1077 1079 1114 r'mederi
1110 1077 1290 1114 fraternae
1308 1077 1402 1115 invi-

122 1141 195 1177 diae
226 1140 351 1177 animo
379 1140 549 1188 ardebat,
578 1140 741 1190 cognitis
760 1140 960 1187 militibus,
978 1152 1072 1189 quos
1101 1146 1240 1188 praeter
1258 1139 1401 1188 fugam,

122 1203 247 1240 soluto
267 1203 437 1252 imperio,
457 1203 614 1240 licentia
642 1208 757 1252 atque
791 1202 948 1240 lascivia
975 1207 1206 1251 corruperat,
1225 1214 1273 1238 ex
1291 1202 1400 1251 copia

120 1279 246 1305 rerum
268 1267 406 1304 statuit
425 1267 498 1304 sibi
517 1266 614 1303 nihil
634 1266 865 1315 agitandum.

199 1328 284 1366 XL.
317 1328 480 1365 Interim
515 1327 650 1364 Romae
681 1326 720 1364 O.
747 1326 945 1363 Mamilius
975 1326 1201 1362 Limetanus
1219 1325 1398 1363 tribunus

120 1390 244 1440 plebis
274 1391 283 1408 ²
297 1390 535 1439 rogationem
555 1389 604 1426 ad
634 1388 814 1438 populum
834 1388 1064 1437 promulgat,
1091 1389 1099 1407 ‘
1117 1387 1187 1425 Uti
1213 1399 1398 1437 quaerere·

120 1460 184 1491 tur
217 1453 256 1489 in
285 1465 358 1501 eos,
377 1465 538 1502 quorum
571 1451 728 1489 consilio
759 1451 957 1500 Jugurtha
989 1450 1111 1487 senati
1132 1450 1285 1486 decreta
1312 1461 1399 1497 neg·

120 1516 299 1564 lexisset;
330 1515 470 1565 quique
499 1515 546 1552 ab
574 1527 618 1551 eo
646 1514 686 1550 in
712 1513 968 1562 legationibus
997 1517 1063 1548 aut
1090 1511 1260 1560 imperiis
1290 1523 1399 1560 pecu—

119 1580 203 1616 nias
235 1579 486 1628 aceepissent3
516 1577 583 1627 qui
611 1576 844 1625 elephantos,
864 1575 1004 1625 quique
1025 1574 1204 1624 perfugas
1223 1573 1399 1611 tradidis-

121 1647 229 1691 sent3
260 1642 365 1690 item,
383 1641 450 1691 qui
471 1640 518 1677 de
545 1651 637 1689 pace
668 1644 735 1676 aut
764 1638 866 1676 bello
886 1651 970 1675 cum
1001 1637 1177 1674 hostibus
1204 1635 1399 1685 pactiones

120 1707 322 1744 secissent.'
378 1705 390 1722 ²
405 1704 510 1741 Huic
529 1702 719 1752 rogationi
739 1702 880 1751 partim
901 1701 1040 1738 conscii
1061 1700 1146 1748 sibi,
1167 1698 1234 1736 alii
1253 1712 1300 1736 ex
1318 1711 1400 1748 par-

121 1770 219 1806 tium
250 1768 396 1805 invidia
424 1766 594 1816 pericula
623 1770 849 1812 metuentes,
869 1764 1048 1814 quoniam
1070 1767 1200 1812 aperte
1219 1762 1398 1800 resistere

120 1845 194 1870 non
222 1835 411 1880 poterant,
429 1829 522 1879 quin
551 1828 618 1865 illa
637 1833 676 1865 et
696 1827 772 1864 alia
791 1827 884 1863 talia
903 1827 1053 1876 placere
1073 1825 1147 1863 sibi
1174 1825 1399 1872 faterentur,

121 1894 269 1933 occulte
291 1905 358 1942 per
377 1892 529 1939 amicos,
549 1903 591 1928 ac
618 1890 784 1927 maxime
805 1902 872 1939 per
891 1889 1063 1926 homines
1081 1887 1246 1924 nominis
1266 1885 1398 1924 Latini

122 1962 160 1994 et
180 1956 300 1994 socios
322 1954 479 1992 Italicos
498 1953 770 2002 impedimenta
802 1951 995 2001 parabant.
1052 1951 1064 1968 ³
1081 1949 1157 1988 Sed
1187 1947 1318 1998 plebes
1344 1946 1398 1983 in—

122 2018 304 2057 credibile
341 2021 555 2054 memoratu
589 2020 657 2064 est,
685 2028 797 2066 quam
838 2014 986 2051 intenta
1025 2012 1154 2059 fuerit,
1179 2013 1398 2060 quantaque

122 2082 159 2119 vi
186 2080 421 2130 rogationem
447 2077 616 2127 jusserit,
637 2077 858 2125 decreverit,
877 2075 1051 2122 voluerit,
1069 2072 1192 2122 magis
1221 2071 1308 2108 odio
1335 2083 1398 2107 no·

122 2143 298 2191 bilitatis,
318 2142 379 2179 cui
406 2141 508 2179 mala
535 2140 602 2177 illa
629 2141 875 2190 parabantur,
894 2151 1008 2189 quam
1027 2149 1117 2173 cura
1135 2134 1192 2172 rei
1210 2133 1395 2183 publioae:

122 2212 230 2244 tanta
249 2205 369 2243 libido
396 2193 436 2241 in
463 2203 637 2253 partibus
666 2208 757 2240 erat.
815 2202 944 2250 Igitur
963 2198 1099 2236 <eteris
1117 2202 1224 2234 metu
1253 2196 1399 2245 percul-

107 2270 185 2318 sis,
206 2269 258 2307 Μ.
277 2269 453 2317 Scaurus,
472 2267 609 2317 ⁴quem
628 2265 797 2315 legatum
823 2263 966 2302 Bestiae
992 2262 1110 2299 fuisse
1135 2273 1248 2310 supra
1274 2257 1399 2297 docui-
