1566 2586
275 0 293 11 ,π
300 0 322 8 a
335 3 337 6 .

55 39 57 43 ’
187 49 190 51 Δ
300 40 314 51 A

610 190 915 218 ,ηαυπτ-ΗΑ.
1211 167 1216 171 ’
1349 181 1421 218 135

107 296 318 336 confidere:
349 309 450 348 saepe
479 300 594 334 antea
623 309 710 334 cum
741 294 1042 346 imperatoribus
1063 294 1254 332 Romanis
1286 307 1419 345 pacem

16 351 43 363 Ἀ
66 402 75 411 Ι
107 367 334 402 conventam
366 362 514 399 frustra
541 361 672 399 fuisse.
733 360 915 400 Ceterum
941 359 1131 409 Bocchus,
1153 359 1165 377 ⁸
1179 359 1212 396 si
1232 359 1420 397 ambobus

105 425 340 476 consultum,
361 430 401 463 et
421 430 547 463 ratam
580 438 714 475 pacem
734 424 868 473 vellet,
889 423 1002 461 daret
1022 436 1190 474 operam,
1210 428 1255 460 ut
1274 436 1351 460 una
1372 423 1420 460 ab

105 491 295 541 omnibus,
314 483 435 542 quasi⁴
448 490 495 527 de
515 503 620 540 pace,
640 489 680 526 in
701 488 937 540 colloquium
959 487 1170 537 veniretur,
1191 487 1323 539 ibique
1345 487 1421 524 sibi

106 554 257 594 Sullam
287 554 472 592 traderet.
533 552 663 599 Quum
685 553 804 590 talem
824 553 951 590 virum
984 551 1023 589 in
1043 557 1280 602 potestatem
1303 551 1420 589 habu-

105 619 212 667 isset,
231 623 314 656 tum
343 618 435 668 fore,
455 617 513 656 uti
541 620 654 668 jussu
682 623 840 656 senatus
873 617 1082 668 populique
1105 616 1274 655 Romani
1295 616 1420 654 foedus

104 684 236 722 fieret:
266 684 416 735 ⁴neque
447 683 643 721 homfnem
673 683 857 733 nobilem,
877 697 954 720 non
986 696 1055 720 sua
1086 682 1242 733 ignavia
1273 682 1341 720 sed
1371 681 1420 720 ob

104 761 187 788 rem
207 748 405 799 publicam
426 748 465 785 in
485 748 657 786 hostium
678 753 885 798 potestate,
906 747 1087 786 relictum
1109 747 1180 785 iri.’

185 812 346 852 CXIII.
380 812 479 850 Haec
511 813 674 851 Maurus
704 814 713 830 ¹
729 826 859 850 secum
882 812 962 863 ipse
992 812 1061 850 diu
1081 809 1240 850 volvens
1259 811 1419 850 tandem

103 877 304 928 promisit:
335 883 507 915 ceterum
541 877 630 915 dolo
661 891 709 915 an
730 890 819 915 vere
841 882 1056 926 cunctatus,
1077 890 1213 927 parum
1235 876 1406 927 comperi

104 955 214 981 mus:
245 943 314 980 sed
346 942 577 994 plerumque
609 943 728 993 regiae
748 942 983 992 voluntates,
1003 947 1048 980 ut
1081 942 1343 992 vehementes,
1364 942 1420 981 sic

104 1006 280 1056 mobiles,
300 1020 400 1058 saepe
434 1007 527 1058 ipsae
556 1007 631 1045 sibi
652 1007 834 1046 adversae.
897 1007 1052 1056 Postea,
1073 1012 1246 1057 tempore
1275 1011 1316 1044 et
1335 1006 1419 1044 loco

104 1071 330 1120 constitum,
361 1072 400 1108 in
431 1071 668 1122 colloquium
706 1072 767 1109 uti
801 1071 847 1109 de
881 1084 974 1122 pace
1005 1071 1217 1120 veniretur,
1239 1070 1420 1108 Bocchus

107 1134 258 1174 Sullam
289 1135 414 1185 modo,
435 1136 549 1174 modo
571 1136 599 1174 J
603 1136 783 1186 ugurthae
802 1135 975 1186 legatum
997 1135 1205 1186 appellare,
1226 1135 1238 1152 ²
1252 1135 1419 1185 benigne

85 1191 261 1251 babere,
282 1200 386 1238 idem
417 1200 605 1238 ambobus
635 1200 832 1250 polliceri:
865 1200 926 1237 illi
957 1201 1105 1250 pariter
1139 1199 1233 1248 laeti,
1264 1212 1308 1237 ac
1339 1199 1420 1250 spei

103 1263 215 1303 bonae
233 1263 339 1315 pleni
360 1278 452 1302 esse,
503 1264 581 1303 Sed
601 1270 714 1302 nocte
731 1277 787 1314 ea,
803 1278 890 1316 quae
910 1265 1088 1314 proxima
1108 1264 1184 1302 fuit
1204 1269 1294 1302 ante
1311 1264 1419 1314 diem

103 1328 297 1380 colloquio
318 1329 531 1379 decretum,
546 1329 720 1377 Maurus,
744 1329 935 1367 adhibitis
955 1329 1102 1378 amicis,
1122 1342 1166 1366 ac
1186 1329 1332 1378 statim,
1353 1330 1420 1367 im-

102 1399 257 1433 mutata
275 1394 490 1443 voluntate,
509 1395 683 1443 remotis,
704 1394 850 1432 dicitur
870 1407 1000 1432 secum
1028 1395 1110 1445 ipse
1141 1395 1267 1433 multa
1298 1395 1419 1444 agita-

103 1458 218 1508 visse,
237 1457 352 1497 vultu
372 1458 541 1509 corporis
562 1459 711 1508 pariter
740 1464 857 1510 atque
879 1458 1008 1496 animo
1030 1459 1182 1497 varius:
1215 1460 1226 1476 ⁸
1240 1473 1328 1510 quae
1349 1459 1419 1497 sci-

104 1522 210 1572 licet,
243 1528 397 1560 tacente
436 1522 531 1572 ipso,
562 1523 716 1560 occulta
753 1523 922 1573 pectoris
955 1523 1194 1573 patefecisse.
1269 1523 1419 1560 Tamen

102 1591 300 1636 ,postremo
336 1585 486 1624 Sullam
522 1586 664 1623 arcessi
689 1586 814 1635 jubet,
835 1591 875 1623 et
909 1587 920 1604 ⁴
937 1599 984 1623 ex
1005 1588 1090 1635 ejus
1122 1587 1319 1624 sententia
1341 1587 1420 1624 Nu-

106 1649 224 1688 midae
244 1649 406 1686 insidias
427 1649 564 1686 tendit.
623 1649 786 1698 Deinde,
805 1649 874 1686 ubi
908 1650 991 1686 dies
1020 1650 1190 1699 advenit,
1210 1655 1250 1688 et
1270 1651 1305 1688 ei
1326 1664 1420 1688 nun—

107 1713 251 1751 tiatum
280 1718 341 1750 est
375 1713 404 1750 J
407 1712 617 1762 ugurtham
651 1713 755 1750 haud
790 1713 924 1763 procul
966 1714 1121 1763 abesse,
1166 1727 1252 1752 cum
1286 1715 1420 1765 paucis

109 1777 246 1815 amicis
266 1782 306 1815 et
325 1782 519 1828 quaestore
538 1782 682 1827 nostro,
710 1778 821 1828 quasi
842 1778 979 1816 obvius
1013 1778 1169 1816 honoris
1191 1792 1317 1827 causa,
1338 1793 1421 1830 pro-

109 1843 215 1880 cedit
245 1842 286 1880 in
306 1842 501 1880 tumulum
522 1842 752 1880 facillimum
773 1843 860 1881 visu
892 1844 904 1862 ⁶
920 1844 1207 1882 insidiantibus.
1268 1845 1418 1883 Eodem

111 1906 285 1945 Numida
306 1919 393 1944 cum
420 1906 615 1957 plerisque
644 1907 875 1945 necessariis
895 1908 976 1946 suis
998 1908 1169 1959 inermis,
1188 1909 1248 1946 uti
1270 1909 1419 1954 dictum

109 1976 206 2019 erat,
225 1970 398 2019 accedit3
430 1983 474 2008 ac
495 1973 640 2019 statim,
661 1971 769 2021 signo
790 1971 894 2022 dato,
913 1973 1086 2024 undique
1113 1962 1231 2011 simul
1262 1987 1310 2012 ex
1330 1974 1420 2012 insi-

109 2034 186 2073 diis
206 2035 415 2073 invaditur.
475 2034 606 2073 Ceteri
626 2035 867 2073 obtruncati:
899 2036 930 2074 J
932 2037 1102 2087 ugurtha
1123 2038 1245 2076 Sullae
1265 2039 1419 2077 vinctus

109 2099 291 2147 traditur,
311 2104 351 2136 et
380 2099 428 2137 ab
448 2112 492 2137 eo
514 2099 562 2136 ad
594 2089 779 2137 Marium⁴
793 2100 983 2139 deductus
1003 2107 1073 2139 est.

190 2163 342 2204 CXIV.
375 2165 384 2182 ¹
401 2164 479 2201 Per
499 2163 604 2201 idem
625 2169 776 2214 tempus
797 2164 1000 2203 adversum
1023 2165 1169 2213 Gallos,
1186 2166 1234 2204 ab
1255 2166 1420 2204 ducibus

109 2229 253 2266 nostris
287 2227 331 2274 Q.
366 2227 546 2278 Caepione
577 2233 616 2265 et
651 2227 719 2267 On.
758 2229 905 2268 Manlio
939 2230 1040 2283 male
1075 2235 1312 2280 pugnatum:
1343 2243 1419 2281 quo

110 2297 218 2331 metu
251 2293 371 2331 Italia
404 2293 530 2330 omnis
562 2298 857 2338 contremuerat.
915 2294 1089 2346 ²Illique
1119 2300 1157 2332 et
1185 2294 1275 2331 inde
1296 2307 1419 2344 usque

110 2357 159 2395 ad
192 2362 364 2395 nostram
396 2357 622 2394 memoriam
660 2357 828 2395 Romani
859 2357 913 2395 sic
945 2358 1135 2396 habuere:
1167 2358 1269 2395 ‘alia
1289 2358 1419 2396 onmia

109 2420 250 2460 virtuti
283 2433 362 2460 suae
393 2433 514 2472 prona
545 2434 646 2468 esse;
692 2434 777 2459 cum
812 2420 939 2460 Gallis
969 2435 1037 2473 pro
1072 2421 1210 2472 salute,
1239 2434 1316 2460 non
1348 2435 1418 2473 pro
