1566 2586
658 186 964 213 JUGURTHA.
1421 176 1468 213 81

192 288 414 336 fflXV.
447 290 548 330 Erat
577 304 622 329 ea
651 295 887 341 tempestate
921 284 1061 328 Romae
1095 289 1271 328 Numida
1300 290 1473 343 quidam,

155 359 311 399 nomine
332 358 516 407 Massiva,
533 357 715 397 Gulussae
734 357 850 406 filius,
868 355 1090 394 Masinissae
1109 369 1250 406 nepos,
1276 356 1355 406 qui,
1371 357 1473 406 quia,

157 424 199 462 in
232 423 471 462 dissensione
505 435 642 472 regum
677 421 892 472 Jugurthae
920 421 1106 459 adversus
1139 421 1281 469 fuerat,
1314 420 1474 457 ¹dedita

157 487 279 538 Cirta,
298 493 338 526 et
360 487 588 525 Adherbale
618 486 837 534 interfecto,
856 485 1046 536 profugus
1067 498 1115 522 ex
1146 484 1285 522 Africa
1307 484 1469 522 abierat.

157 552 263 591 Huic
297 551 359 603 Sp.
384 551 566 600 Albinus,
587 551 656 602 qui
684 550 890 601 ²proximo
922 562 1022 587 anno
1056 554 1144 600 post
1176 548 1355 586 Bestiam
1385 562 1474 586 cum

159 615 200 662 Q.
225 616 400 654 Minucio
427 616 533 654 Rufo
555 615 799 653 consulatum
821 614 995 665 gerebat,
1015 613 1235 665 persuadet,
1264 613 1474 664 ‘quoniam

156 694 204 718 ex
225 681 347 731 stirpe
370 680 592 718 Masinissae
626 679 689 729 sit,
711 679 1034 730 Jugurthamque
1065 678 1115 717 ob
1145 669 1293 716 scelera
1324 678 1474 715 invidia

155 756 243 796 cum
265 748 374 781 metu
394 748 544 793 urgeat,
560 756 722 793 regnum
746 742 947 780 Numidiae
967 742 1016 780 ab
1037 747 1176 779 senatu
1197 743 1330 792 petat.’
1381 742 1475 780 Avi-

156 807 229 846 dus
258 807 393 846 consul
427 807 549 846 ³belli
580 806 747 856 gerundi
779 806 938 856 moveri,
967 819 1084 857 quam
1115 819 1315 843 senescere
1345 805 1475 842 omnia

155 871 348 922 malebat;
381 871 456 922 ipsi
486 871 687 922 provincia
719 871 922 920 Numidia,
939 871 1115 908 Minucio
1138 870 1371 908 Macedonia
1392 883 1475 908 eve-

155 939 277 974 nerat.
329 934 426 981 Quae
444 940 652 986 postquam
674 934 848 973 Massiva
868 934 1018 985 agitare
1039 935 1167 985 coepit,
1182 947 1307 986 neque
1329 935 1475 984 Jugur-

156 1001 236 1040 thae
263 1001 304 1038 in
334 1001 470 1039 amicis
505 1001 602 1039 satis
635 1001 810 1051 praesidii
842 1006 914 1051 est,
934 1000 1038 1052 quod
1070 1014 1203 1038 eorum
1236 1000 1355 1037 alium
1390 1013 1475 1037 con-

158 1065 332 1114 scientia,
351 1065 472 1102 alium
502 1065 606 1102 mala
635 1065 738 1102 fama
759 1070 799 1102 et
830 1065 948 1103 timor
978 1065 1228 1115 impediebat,
1250 1064 1476 1114 Bomilcari,

158 1129 362 1180 ⁴proximo
400 1141 444 1166 ac
482 1128 652 1166 maxime
687 1128 763 1166 fido
803 1128 890 1177 sibi,
924 1128 1104 1178 imperat,
1126 1127 1315 1178 '‘pretioj
1358 1127 1476 1165 sicuti

156 1193 284 1230 multa
316 1193 548 1242 confecerat,
578 1192 848 1230 ‘insidiatores
870 1192 1054 1231 Massivae
1087 1197 1211 1242 paret,
1231 1205 1275 1229 ac
1305 1191 1476 1229 maxime

158 1257 321 1306 occulte,
351 1257 410 1295 sin
433 1257 474 1294 id
500 1271 636 1307 parum
666 1257 863 1307 procedat,
883 1257 1022 1308 quovis
1050 1256 1164 1294 modo
1186 1256 1399 1294 Numidam
1423 1256 1475 1292 in-

157 1321 347 1359 terfioiat!
403 1321 602 1359 Bomilcar
630 1327 783 1359 mature
803 1322 907 1371 regis
936 1321 1122 1358 mandata
1152 1321 1403 1372 exsequitur3
1436 1326 1477 1358 et

157 1399 227 1437 per
245 1386 422 1424 homines
443 1386 454 1404 ⁶
468 1386 560 1423 talis
581 1386 730 1436 negotii
751 1386 919 1423 artifices
940 1386 1083 1423 itinera
1103 1398 1359 1436 egressusque
1380 1387 1476 1435 ejus,

157 1455 354 1501 postremo
383 1450 468 1487 loca
499 1455 616 1500 atque
637 1455 813 1500 tempora
840 1454 980 1487 cuncta
1000 1450 1202 1500 explorat,
1234 1449 1387 1498 deinde,
1407 1448 1476 1486 ubi

159 1527 222 1553 res
241 1514 478 1565 postulabat,
498 1514 662 1551 insidias
683 1514 821 1552 tendit.
869 1514 1001 1564 Igitur
1020 1502 1122 1552 ulnus
1143 1515 1155 1532 ⁶
1169 1527 1217 1551 ex
1238 1528 1283 1552 eo
1302 1527 1476 1561 numero,

160 1579 228 1631 qui
257 1579 307 1617 ad
338 1579 483 1617 caedem
513 1579 643 1629 parati
673 1583 796 1628 erant,
815 1579 932 1629 paulo
964 1579 1227 1616 inconsultius
1260 1579 1475 1616 Massivam

161 1643 402 1694 aggreditur,
422 1643 535 1680 illum
565 1643 797 1692 obtruncat;
829 1643 898 1680 sed
931 1644 1013 1694 ipse
1043 1644 1319 1694 deprehensus,
1339 1643 1477 1681 multis

161 1706 412 1745 hortantibus
443 1711 483 1743 et
509 1706 550 1743 in
579 1706 719 1756 primis
747 1706 896 1746 Albino
917 1707 1087 1758 consule,
1107 1707 1295 1745 indicium
1325 1708 1478 1758 profite-

162 1775 237 1808 tur.
295 1771 308 1789 ⁷
322 1770 390 1808 Fit
409 1782 498 1807 reus
517 1770 642 1819 magis
663 1782 711 1807 ex
731 1783 841 1821 aequo
862 1770 1040 1822 bonoque
1060 1785 1176 1822 quam
1199 1785 1247 1809 ex
1275 1773 1367 1822 jure
1387 1785 1477 1822 gen-

162 1834 263 1872 tium
283 1833 494 1883 Bomilcar,
509 1846 637 1871 comes
653 1835 747 1884 ejus,
762 1835 830 1886 qui
851 1834 1018 1873 Romam
1034 1836 1110 1874 fide
1130 1836 1287 1887 publica
1303 1841 1473 1874 venerat.

163 1898 222 1936 At
253 1897 457 1948 Jugurtha
487 1897 743 1936 ‘manifestus
776 1899 879 1936 tanti
911 1899 1070 1938 sceleris
1106 1913 1182 1938 non
1213 1901 1322 1951 prius
1343 1901 1478 1939 omisit

162 1968 299 2002 contra
325 1975 460 2002 verum
489 1963 575 2013 niti,
605 1976 722 2014 quam
754 1964 927 2003 animum
960 1965 1132 2004 advertit
1161 1979 1278 2016 supra
1306 1967 1475 2017 gratiam

161 2033 279 2079 atque
299 2028 505 2078 pecuniam
540 2041 649 2066 suam
679 2029 867 2068 invidiam
897 2031 993 2069 facti
1021 2044 1115 2069 esse.
1175 2031 1318 2082 Igitur,
1345 2046 1476 2083 quam-

161 2105 279 2143 quam
319 2092 385 2128 ‘'in
423 2091 552 2142 priore
591 2091 743 2130 actione
771 2103 830 2131 'ex
869 2094 1005 2133 amicis
1043 2095 1328 2147 quinquaginta
1356 2095 1476 2132 vades

162 2155 336 2205 dederat,
373 2168 493 2206 regno
533 2156 659 2206 magis
696 2170 813 2208 quam
849 2158 1016 2197 vadibus
1055 2159 1271 2209 consulens,
1300 2158 1399 2196 clam
1435 2158 1475 2196 in

162 2219 391 2258 Numidiam
423 2220 688 2258 Bomilcarem
717 2221 896 2273 dimittit,
929 2223 1079 2262 veritus
1108 2237 1156 2262 ne
1187 2223 1359 2274 reliquos
1387 2235 1476 2273 pop-

161 2283 290 2322 ulares
318 2290 447 2322 metus
482 2285 686 2323 invaderet
705 2287 868 2336 parendi
888 2288 974 2338 sibi,
995 2289 1028 2326 si
1059 2289 1106 2326 de
1140 2288 1210 2326 illo
1241 2287 1474 2338 supplicium

163 2353 359 2399 sumptum
378 2350 489 2388 foret.
551 2350 606 2388 Et
622 2350 703 2401 ipse
718 2352 851 2401 paucis
871 2353 1010 2391 diebus
1031 2353 1166 2391 eodem
1182 2353 1383 2403 profectus
1403 2358 1474 2403 est,

158 2413 290 2462 jussus
305 2413 352 2451 ab
369 2419 506 2451 senatu
523 2414 644 2452 Italia
661 2415 856 2454 decedere.
895 2417 968 2456 sed
983 2422 1189 2468 postquam
1207 2417 1335 2455 Roma
1349 2430 1474 2470 egres-

453 2479 500 2516 4*
638 2479 644 2483 ’
