1566 2586
142 143 192 179 88
488 153 530 177 0.
580 151 759 178 CRISPI
804 150 1084 176 SALLUSTII

143 259 291 292 coctum
319 253 446 291 cibum
472 253 676 302 venderet;
711 265 759 290 ne
786 252 877 290 lixae
905 251 1114 289 exereitum
1144 254 1416 301 sequerentur;

142 330 190 355 ne
209 317 320 354 miles
338 316 536 365 gregarius
566 315 605 352 in
635 315 770 352 castris
800 327 894 351 neve
924 314 963 350 in
993 313 1142 362 agmine
1172 326 1322 351 servum
1352 317 1419 349 aut

140 382 356 429 jumentum
385 379 543 415 haberet
559 380 577 414 :⁷
611 377 748 414 ceteris
776 382 857 413 arte
887 376 1042 413 modum
1073 375 1261 412 statuisse.
1318 375 1420 412 Prae-

145 449 250 480 terea
269 442 520 479 3transversis
548 441 750 483 itineribus
778 439 949 490 quotidie
977 444 1102 476 castra
1128 451 1291 485 movere,
1306 439 1420 487 juxta

145 518 187 542 ac
207 505 238 542 si
258 505 386 542 hostes
406 504 592 549 adessent,
610 503 711 540 vallo
731 508 844 552 atque
865 502 964 538 fossa
989 501 1148 550 munire,
1166 500 1318 550 vigilias
1345 513 1420 538 cre-

145 567 233 604 bras
262 580 412 616 ponere,
443 571 482 603 et
511 579 574 602 eas
605 565 685 614 ipse
715 577 800 601 cum
831 564 969 613 legatis
999 564 1220 601 circumire:
1259 563 1354 600 item
1380 563 1421 600 in

145 630 295 679 agmine
326 630 364 666 in
395 629 529 678 primis
548 628 671 676 modo,
691 627 802 664 modo
823 627 861 663 in
881 626 1092 675 postremis,
1112 638 1210 675 saepe
1229 626 1268 662 in
1295 625 1421 662 medio

145 691 289 739 adesse,
316 703 363 727 ne
393 690 594 740 quisquam
625 689 757 726 ordine
789 688 1044 737 egrederetur,
1073 687 1158 724 ⁴uti
1190 700 1275 724 cum
1303 686 1422 736 signis

145 755 364 804 frequentes
384 753 614 801 incederent,
631 752 742 789 miles
768 752 894 789 cibum
924 756 963 788 et
991 764 1094 788 arma
1121 755 1301 800 portaret.
1358 750 1423 788 Ita

145 817 379 866 prohibendo
408 829 430 852 a
459 815 611 852 delictis
639 815 762 864 magis
792 827 906 864 quam
933 813 1162 852 vindicando
1183 813 1422 850 ⁶exercitum

145 879 252 918 brevi
265 879 509 917 confirmavit.
909 874 927 891 ”
1404 875 1406 882 '

223 941 375 979 XLVI.
407 941 563 979 Interea
583 941 611 978 J
614 940 790 990 ugurtha,
808 939 886 988 ubi,
901 952 986 989 quae
1006 938 1188 976 Metellus
1207 938 1357 987 agebat,
1376 949 1424 975 ex

147 1004 292 1041 nuntiis
329 1003 484 1052 accepit,
516 1003 630 1040 simul
663 1003 734 1039 ¹de
766 1002 983 1039 innocentia
1015 1003 1098 1050 ejus
1127 1001 1267 1038 certior
1300 999 1425 1037 Roma

147 1066 281 1114 factus,
294 1066 462 1102 diffidere
477 1065 555 1102 suis
574 1065 698 1112 rebus,
710 1077 753 1101 ac
773 1069 855 1100 tum
875 1064 1027 1100 demum
1046 1076 1174 1101 veram
1189 1062 1424 1100 deditionem

148 1129 272 1165 facere
293 1132 450 1165 conatus
470 1132 536 1164 est.
594 1127 722 1176 Igitur
741 1127 888 1175 legatos
907 1126 955 1162 ad
982 1125 1174 1162 consulem
1202 1125 1314 1162 'cum
1341 1137 1426 1175 sup-

147 1191 273 1240 pliciis
293 1190 426 1238 mittit,
439 1190 504 1239 qui
520 1189 783 1226 tantummodo
800 1188 871 1237 ipsi
888 1187 1094 1236 liberisque
1109 1187 1228 1224 vitam
1240 1191 1425 1236 peterent,

149 1253 225 1290 alia
244 1253 371 1289 omnia
399 1252 584 1289 dederent
613 1251 751 1300 populo
782 1251 964 1287 Romano.
1022 1249 1126 1287 ³Sed
1158 1249 1319 1287 Metello
1343 1251 1424 1298 jam

127 1305 262 1352 *antea
281 1314 554 1363 experimentis
581 1314 775 1362 cognitum
807 1317 889 1348 erat
918 1324 1037 1361 genus
1058 1311 1316 1348 Numidarum
1347 1312 1426 1348 infi-

149 1377 252 1426 dum,
272 1377 422 1426 ingenio
442 1376 584 1423 mobili,
603 1388 784 1413 novarum
805 1387 931 1411 rerum
951 1373 1105 1411 avidum
1122 1386 1213 1410 esse.
1285 1373 1424 1424 Itaque

149 1439 321 1488 ⁴legatos
346 1439 463 1475 alium
497 1438 544 1475 ab
578 1438 653 1474 alio
686 1437 855 1474 diversos
885 1436 1129 1485 aggreditur,
1170 1449 1213 1472 ac
1239 1435 1425 1485 paulatim

150 1501 344 1549 tentando,
366 1506 567 1550 postquam
598 1505 828 1548 opportunos
859 1499 933 1536 sibi
960 1498 1149 1547 cognovit,
1168 1498 1290 1535 multa
1318 1497 1426 1547 polli-

150 1563 269 1600 cendo
305 1562 518 1612 persuadet,
551 1561 634 1598 ‘uti
667 1561 902 1610 Jugurtham
936 1560 1101 1597 maxime
1125 1560 1266 1609 vivum,
1293 1560 1352 1597 sin
1386 1559 1427 1596 id

149 1639 284 1676 parum
311 1625 504 1674 procedat,
522 1629 699 1661 necatum
728 1624 802 1661 sibi
832 1623 1028 1660 traderent
1042 1625 1059 1659 :’
1094 1628 1263 1660 ceterum
1290 1622 1428 1672 palam,

150 1702 236 1739 quae
255 1701 301 1725 ex
319 1688 518 1726 voluntate
538 1687 673 1735 forent,
693 1686 774 1735 regi
794 1686 964 1723 nuntiari
989 1685 1110 1734 jubet.
1169 1685 1317 1722 Deinde
1346 1685 1427 1735 ipse

150 1751 281 1800 paucis
301 1750 447 1798 diebus,
467 1749 614 1786 intento
635 1754 749 1799 atque
770 1749 910 1785 infesto
930 1748 1112 1795 exercitu,
1131 1748 1172 1784 in
1202 1747 1426 1785 Numidiam

150 1812 322 1863 procedit
339 1825 346 1860 ;
369 1813 380 1829 ⁶
393 1812 470 1860 ubi,
490 1816 622 1849 contra
640 1811 734 1849 belli
753 1811 900 1848 faciem.
916 1811 1071 1860 tuguria
1089 1810 1201 1859 plena
1219 1809 1427 1859 hominum,

150 1887 286 1925 pecora
305 1874 546 1924 cultoresque
566 1874 604 1910 in
624 1874 725 1923 agris
745 1878 853 1910 erant
871 1887 877 1922 3
909 1886 957 1910 ex
977 1873 1125 1923 oppidis
1149 1877 1187 1910 et
1213 1872 1428 1921 mapalibus

152 1939 322 1988 praefecti
352 1938 453 1987 regis
483 1938 586 1975 obvii
615 1938 882 1987 procedebant,
910 1937 1034 1987 parati
1063 1937 1297 1974 frumentum
1325 1935 1428 1986 dare,

153 2005 405 2038 commeatum
438 2005 600 2048 portare,
633 2005 824 2049 postremo
856 2000 993 2048 omnia,
1023 2012 1107 2049 quae
1139 1999 1427 2048 imperarentur,

154 2063 287 2100 facere,
344 2062 478 2112 Neque
511 2062 694 2099 Metellus
724 2063 865 2100 idcirco
896 2062 1032 2110 minus,
1057 2061 1123 2098 sed
1152 2060 1296 2110 pariter
1323 2073 1366 2098 ac
1393 2061 1426 2099 si

154 2125 283 2163 hostes
319 2124 505 2173 adessent,
532 2126 705 2162 “munito
734 2125 884 2174 agmine
916 2124 1102 2172 incedere,
1120 2123 1198 2160 late
1226 2122 1427 2172 explorare

155 2188 292 2234 omnia,
312 2187 381 2224 illa
400 2187 606 2224 deditionis
626 2188 734 2236 signa
753 2186 922 2224 ostentui
949 2185 1112 2232 credere,
1131 2189 1171 2222 et
1198 2185 1350 2222 insidiis
1377 2185 1428 2223 lo-

155 2264 241 2288 cum
261 2251 412 2288 tentari.
470 2250 608 2300 Itaque
638 2250 717 2299 ipse
749 2263 834 2287 cum
865 2249 1054 2298 expeditis
1084 2248 1315 2297 cohortibus,
1334 2248 1428 2285 item

157 2311 393 2351 funditorum
432 2317 471 2350 et
507 2312 792 2362 sagittariorum
823 2311 972 2349 delecta
1000 2323 1115 2348 manu
1151 2310 1252 2359 apud
1287 2310 1429 2360 primos
