1572 2592
195 187 244 220 42
545 198 587 221 c,
639 197 815 222 cxusrl
861 198 1141 223 SALLUSTH

192 298 302 336 bonis
329 303 413 335 orta
441 302 551 347 sunt,
583 298 648 335 sed
668 298 735 336 ubi
766 298 967 348 imperium
997 298 1045 335 ad
1072 298 1225 348 ignaros
1254 303 1323 337 aut
1347 299 1474 338 minus

136 392 150 401 7-
193 361 310 399 bonos
338 362 522 410 pervenit,
541 374 680 398 novum
706 361 801 397 illud
823 361 1037 410 exemplum
1059 362 1106 398 ab
1126 362 1252 411 dignis
1270 367 1310 399 et
1329 362 1474 400 idoneis

192 426 241 462 ad
283 426 459 474 indignos
496 430 534 462 et
572 438 647 462 non
683 425 838 462 idoneos
874 426 1113 462 transfertur.
1193 425 1473 463 Lacedaemonii

193 489 354 527 devictis
375 488 679 526 Atheniensibus
709 490 734 506 ¹⁰
749 489 909 537 triginta
929 477 1028 524 viros
1056 489 1280 539 imposuere,
1299 490 1366 540 qui
1393 502 1472 527 rem

192 552 385 602 publicam
413 565 542 588 corum
575 556 795 587 tractarent.
855 551 911 587 Hi
940 551 1062 600 primo
1090 564 1234 601 coepere
1264 553 1472 601 pessimum

192 627 380 664 quemque
418 619 456 650 et
499 613 675 651 omnibus
713 613 876 651 invisum
915 613 1176 650 indemnatum
1220 626 1376 652 necare:
1429 627 1474 652 ea

191 677 354 726 populus
382 676 506 713 laetari
537 681 575 712 et
606 675 743 712 merito
772 675 897 712 dicere
917 676 1009 712 fieri.
1067 675 1173 724 Post,
1193 675 1260 714 ubi
1288 676 1473 726 paulatim

170 738 349 785 :licentia
377 744 509 787 crewt,
525 740 638 786 juxta
671 738 789 775 bonos
809 742 848 774 et
878 739 997 774 malos
1026 738 1229 775 libidinose
1251 738 1474 787 interficere,

193 806 338 837 ceteros
359 805 464 836 metu
492 805 644 836 terrere.
702 799 766 836 Ita
786 800 922 836 civitas
942 800 1127 836 servitute
1148 813 1325 849 oppressa
1344 799 1474 838 stultae

193 863 341 900 laetitiae
360 875 495 912 graves
514 875 643 912 poenas
664 854 779 899 dedit.
839 862 982 899 Nostra
1002 862 1195 911 memoria,
1214 862 1336 900 victor
1365 863 1474 901 Sulla

192 939 309 976 quum
338 927 365 943 ²⁰
379 925 653 974 Damasippum
674 931 713 962 ct
732 925 828 962 alios
852 925 1083 974 hujusmodi,
1103 924 1168 975 qui
1188 925 1288 963 malo
1308 925 1363 963 rei
1382 926 1474 975 pub-

166 989 277 1026 “licae
308 993 518 1037 creverant,
547 988 718 1040 jugulari
744 988 871 1036 jussit,
899 988 985 1037 quis
1013 1000 1086 1024 non
1115 988 1258 1038 farctum
1287 989 1370 1037 ejus
1397 988 1472 1026 lau-

193 1051 339 1089 dabat?
395 1052 609 1089 ‘Homines
637 1051 819 1088 scelestos
848 1056 888 1087 et
915 1051 1106 1099 factiosos,
1125 1051 1190 1101 qui
1219 1051 1473 1090 seditionibus

192 1126 272 1150 rem
292 1113 483 1163 publicam
504 1113 804 1162 exagitaverant,
824 1113 959 1153 merito
979 1115 1145 1150 necatos’
1177 1110 1340 1152 aiebant.
1397 1113 1474 1152 Sed

154 1199 168 1202 =-
194 1189 239 1213 ea
266 1189 326 1214 res
354 1190 502 1225 magnae
523 1176 676 1213 initium
706 1176 827 1213 cladis
854 1176 938 1213 fuit.
1007 1176 1107 1213 Nam
1136 1177 1194 1213 uti
1222 1177 1384 1227 quisque
1412 1177 1474 1214 do-

192 1253 296 1276 mum
325 1244 392 1276 aut
421 1239 564 1287 villam,
597 1244 787 1288 postremo
815 1252 882 1276 vas
909 1243 976 1275 aut
1004 1239 1276 1276 vestimentum
1309 1238 1473 1288 alicujus

193 1302 471 1351 concupiverat,
491 1301 608 1338 dabat
628 1314 791 1349 operam,
811 1301 869 1337 uti
890 1301 921 1338 is
941 1301 979 1337 in
999 1301 1296 1354 proscriptorum
1315 1314 1472 1338 numero

193 1370 302 1402 esset.
353 1364 416 1401 Ita
436 1364 506 1412 illi,
522 1364 660 1414 quibus
681 1364 903 1412 Damasippi
924 1376 1023 1400 mors
1043 1363 1191 1400 laetitiae
1209 1363 1345 1412 fuerat,
1360 1363 1473 1413 paulo

191 1432 278 1478 post
308 1427 382 1476 ipsi
413 1427 726 1475 2¹trahebantur3
758 1439 879 1476 neque
906 1427 1010 1476 prius
1042 1426 1127 1463 finis
1155 1426 1360 1476 jugulandi
1386 1426 1472 1476 fuit,

192 1503 306 1540 quam
348 1489 457 1528 Sulla
485 1502 615 1526 omnes
655 1501 742 1525 suos
775 1486 923 1526 div'itiis
957 1488 1134 1538 explevit.
1205 1489 1374 1539 ²⁹Atque
1402 1501 1472 1538 ego

192 1551 272 1589 haec
305 1565 380 1588 non
409 1552 448 1588 in
482 1551 534 1588 M.
559 1551 687 1588 Tullio
716 1564 836 1601 neque
867 1550 927 1587 his
958 1550 1192 1600 temporibus
1219 1563 1374 1599 vereor,
1405 1551 1472 1588 sed

193 1615 232 1651 in
252 1627 389 1663 magna
418 1614 575 1651 civitate
605 1613 728 1650 multa
758 1619 797 1650 et
827 1613 932 1651 varia
961 1613 1113 1662 ingenia
1141 1618 1238 1650 sunt.
1295 1613 1323 1632 ²¹
1337 1613 1473 1651 Potest

193 1679 269 1716 alio
290 1684 471 1727 tempore,
491 1678 566 1714 alio
599 1677 766 1726 consule,
786 1678 847 1714 cui
868 1678 960 1714 item
981 1677 1174 1714 exercitus
1203 1677 1241 1714 in
1269 1690 1384 1715 manu
1411 1678 1473 1727 sit,

193 1741 329 1777 falsum
350 1739 496 1790 aliquid
515 1752 582 1788 pro
602 1752 691 1777 vero
713 1739 829 1775 credi.
889 1738 967 1776 Ubi
986 1738 1055 1774 hoc
1076 1739 1250 1788 exemplo
1268 1751 1336 1788 per
1351 1739 1474 1776 senati

193 1802 388 1838 decretum
406 1801 537 1837 consul
548 1801 718 1849 gladium
737 1801 924 1850 eduxerit,
937 1801 1022 1850 quis
1035 1801 1094 1837 illi
1108 1802 1220 1838 finem
1237 1791 1394 1850 statuet,
1405 1805 1472 1838 aut

192 1865 278 1915 quis
297 1863 584 1900 moderabitur?
632 1863 799 1911 Majores
818 1863 950 1912 nostri,
969 1868 1097 1912 patres
1117 1863 1333 1912 conscripti,
1350 1875 1471 1913 neque

193 1926 343 1964 consilii
361 1938 484 1975 neque
504 1925 673 1962 audaciae
691 1939 859 1975 unquam
880 1939 1038 1974 eguere,
1060 1939 1182 1975 neque
1203 1925 1282 1962 illis
1295 1925 1472 1974 superbia

193 1989 382 2037 obstabat,
402 1990 428 2006 ²⁴
442 2002 516 2038 quo
537 1988 662 2025 minus
683 1988 806 2024 aliena
825 1988 1016 2036 instituta,
1036 1988 1068 2026 si
1086 1988 1198 2026 modo
1216 1987 1334 2037 proba
1353 1993 1472 2037 erant,

193 2052 446 2089 imitarentur.
517 2052 640 2087 Arma
668 2056 783 2100 atque
818 2045 896 2087 tela
924 2051 1110 2087 militaria
1141 2049 1190 2088 ab
1222 2049 1471 2100 Samnitibus,

193 2115 358 2165 insignia
389 2115 683 2164 magistratuum
718 2114 766 2151 ab
795 2114 930 2151 Tuscis
959 2114 1138 2163 pleraque
1166 2113 1465 2162 ²⁵sumpserunt:

193 2184 383 2228 postremo
411 2177 513 2228 quod
554 2177 695 2226 ubique
729 2177 827 2226 apud
868 2177 988 2214 socios
1025 2181 1091 2213 aut
1127 2175 1256 2213 hostes
1293 2175 1470 2213 idoneum

194 2241 408 2288 videbatur,
427 2253 511 2276 cum
533 2252 681 2276 summo
702 2239 830 2275 studio
851 2239 953 2276 domi
974 2238 1297 2288 exsequebantur;
1328 2237 1471 2275 imitari

194 2317 306 2353 quam
341 2303 510 2341 invidere
542 2301 651 2339 bonis
677 2301 881 2339 malebant.
940 2301 1015 2339 Sed
1043 2300 1175 2337 eodem
1195 2300 1261 2337 illo
1290 2304 1471 2350 tempore,

194 2364 354 2403 Graeciae
387 2377 531 2402 morem
565 2364 592 2381 ²⁶
608 2363 762 2410 imitati,
795 2363 1018 2401 verberibus
1047 2362 1404 2401 animadvertebant
1431 2362 1470 2399 in
