1630 2612
283 166 334 204 34
444 203 449 206 ,
629 181 672 206 ο.
722 182 902 208 0R1sr1
949 183 1232 212 SALLUSTH

279 291 356 330 quo
375 281 497 329 major
515 283 724 320 auctoritas
744 284 908 321 sermoni
927 284 1079 322 inesset.
1138 286 1197 324 Eo
1221 292 1421 338 praesente,
1438 290 1564 340 conju-

278 343 467 380 rationem
487 346 630 394 aperit5
662 347 833 383 nominat
860 348 991 395 socios,
1012 353 1196 396 praeterea
1215 349 1358 388 multos
1378 353 1562 403 cujusque

277 407 429 454 generis
484 407 668 457 innoxios,
684 423 757 458 quo
778 410 914 458 legatis
931 411 1080 447 animus
1101 412 1262 461 amplior
1281 418 1402 450 esset:
1424 413 1562 453 deinde

278 480 341 505 eos
361 469 554 517 pollicitos
575 483 726 520 operam
748 485 854 508 suam
875 472 1030 509 domum
1052 473 1226 510 dimittit.

354 532 464 570 XLI
498 533 574 571 Sed
605 534 835 583 Allobroges
855 535 922 572 diu
951 535 990 572 in
1011 536 1156 577 incerto
1176 536 1356 586 habuere,
1373 537 1557 588 quidnam

275 595 427 632 consilii
455 602 643 645 caperent.
702 599 710 615 ²
729 598 776 634 In
805 598 927 634 altera
958 603 1068 647 parte
1101 603 1183 635 erat
1211 611 1263 642 aes
1283 599 1464 650 alienum,
1483 605 1558 638 stu-

275 657 381 694 dium
415 658 520 707 belli,
553 673 690 708 magna
722 673 867 697 merces
899 661 939 697 in
969 674 1034 710 spe
1067 661 1264 711 victoriae;
1295 666 1336 699 at
1368 662 1408 700 ir.
1437 663 1559 701 altera

273 723 438 770 majores
458 735 558 771 opes,
579 728 665 760 tuta
693 723 864 773 consilia,
884 737 951 773 pro
982 725 1129 762 incerta
1159 738 1224 774 spe
1255 731 1360 764 certa
1387 728 1554 776 praemia.

274 785 372 823 Haec
406 786 485 822 illis
518 787 774 836 volventibus
793 788 948 824 tandem
982 788 1077 825 vicit
1109 789 1264 826 fortuna
1296 789 1352 826 rei
1382 789 1554 839 publieae.

262 844 412 899 ‘itaque
433 849 476 894 Q
501 850 620 887 Fabio
642 826 821 899 Sangae,2
835 852 943 899 cujus
962 851 1174 900 patrocinio
1194 851 1330 889 civitas
1349 852 1556 902 plurimum

269 912 464 961 utebatur,
492 925 573 949 rem
604 926 765 961 omnem,
787 914 846 950 uti
876 918 1140 963 cognoverant
1167 914 1351 963 aperiunt.
1392 914 1556 965 Cicero,

269 987 336 1025 per
357 975 523 1024 Sangam
543 977 701 1013 consilio
718 976 881 1025 cognito,
901 976 1038 1025 legatis
1065 976 1258 1026 praecepit,
1286 977 1297 994 ³
1311 982 1356 1014 ut
1383 977 1554 1014 studium

269 1038 544 1086 conjurationis
580 1038 826 1076 vehementer
863 1039 1056 1086 simulent,
1093 1044 1240 1076 ceteros
1277 1039 1430 1088 adeant,
1458 1039 1554 1078 bene

267 1100 532 1150 polliceantur,
552 1101 718 1150 dentque
749 1114 912 1150 operam,
929 1101 989 1138 uti
1017 1113 1080 1138 eos
1100 1114 1214 1151 quam
1249 1101 1416 1139 maxime
1436 1102 1555 1140 mani-

266 1161 385 1198 festos
404 1162 579 1198 habeant.
1339 1202 1342 1203 ⁷

343 1223 479 1260 XLII.
514 1224 657 1260 Iisdem
674 1225 752 1261 fere
770 1225 1004 1273 temporibus
1018 1225 1056 1261 in
1078 1226 1086 1242 ¹
1102 1224 1230 1262 Gallia
1245 1225 1420 1262 citeriore
1436 1230 1551 1276 atque

264 1285 458 1334 ulteriore,
479 1287 570 1322 item
602 1286 641 1322 in
661 1299 751 1334 agro
774 1286 927 1334 Piceno,
947 1286 1114 1335 Bruttio,
1135 1287 1280 1335 Apulia
1299 1292 1425 1324 motus
1454 1292 1547 1325 erat.

265 1347 443 1397 Namque
464 1347 534 1396 illi,
563 1349 575 1365 ²
588 1361 684 1398 quos
714 1353 829 1384 antea
852 1348 1021 1386 Catilina
1041 1348 1252 1398 dimiserat,
1273 1349 1486 1387 inconsulte
1506 1363 1550 1387 ac

262 1410 386 1447 veluti
429 1423 495 1459 per
532 1411 766 1447 dementiam
804 1416 942 1447 cuncta
975 1411 1090 1447 simul
1123 1411 1309 1460 agebant:
1351 1413 1548 1451 nocturnis

262 1473 444 1522 consiliis,
473 1486 666 1510 armorum
689 1479 804 1523 atque
825 1473 988 1510 telorum
1007 1474 1299 1523 portationibus‚
1318 1474 1547 1525 festinando,

261 1536 442 1585 agitando
463 1536 602 1585 omnia,
620 1536 707 1586 plus
728 1537 877 1573 timoris
897 1549 1009 1586 quam
1030 1536 1191 1585 periculi
1211 1537 1425 1573 effecerant.
1483 1536 1546 1574 Ex

261 1611 305 1635 eo
324 1611 482 1635 numero
501 1598 716 1648 complures
751 1597 792 1643 Q.
819 1599 1004 1635 Metellus
1034 1598 1144 1636 Celer
1172 1604 1313 1648 praetor
1344 1611 1392 1636 ex
1421 1599 1544 1636 senati

260 1661 445 1708 consulto,
467 1662 478 1678 ³
492 1673 606 1698 causa
621 1661 784 1710 cognita,
801 1661 839 1697 in
852 1661 1000 1698 vincula
1017 1655 1252 1709 conjecerat3
1283 1660 1375 1698 item
1392 1660 1430 1697 in
1450 1660 1545 1698 ulte-

258 1723 358 1761 riore
378 1723 506 1762 Gallia
529 1723 567 1762 C.
594 1723 766 1771 Murena,
786 1723 851 1772 qui
872 1723 907 1759 ei
927 1723 1130 1772 provinciae
1150 1723 1299 1771 legatus
1318 1727 1487 1772 praeerat.

336 1786 497 1823 XLIII.
531 1787 587 1823 At
608 1786 742 1823 Romae
764 1787 771 1803 ¹
791 1786 982 1822 Lentulus
1002 1798 1086 1822 cum
1100 1785 1253 1838 ceteris,
1267 1785 1333 1836 qui
1352 1784 1542 1834 principes

257 1849 532 1897 conjurationis
563 1854 684 1896 erant,
715 1848 871 1897 paratis,
903 1854 947 1884 ut
980 1848 1194 1895 videbatur,
1227 1847 1376 1897 magnis
1409 1847 1540 1897 copiis,

257 1911 548 1959 constituerant,
561 1911 631 1959 uti,
651 1924 767 1960 quum
791 1910 960 1948 Catilina
980 1910 1017 1947 in
1038 1923 1170 1959 agrum
1193 1909 1432 1947 Faesulanum
1453 1921 1537 1947 cum

257 1973 429 2010 exercitu
459 1973 636 2021 venisset,
672 1973 714 2010 L.
745 1973 879 2010 Bestia
908 1973 1084 2010 tribunus
1115 1972 1258 2025 plebis,
1313 1971 1446 2014 neione
1477 1971 1539 2008 ha-

255 2035 348 2084 bita,
362 2042 586 2086 quereretur
606 2036 652 2073 de
673 2037 889 2073 actionibus
911 2035 1117 2084 Ciceronis,
1137 2035 1229 2072 belli
1265 2083 1267 2085 q
1297 2031 1534 2085 'gravissimi

255 2099 439 2136 invidiam
472 2099 616 2148 optimo
650 2099 797 2135 consuli
829 2099 1064 2148 imponeret,
1108 2098 1120 2115 ²
1134 2109 1178 2134 eo
1211 2095 1330 2147 sign0,
1362 2096 1537 2144 proxima.

254 2167 365 2199 nocte
397 2166 524 2199 cetera
556 2161 767 2198 multitudo
801 2160 1074 2210 conjurationis
1107 2155 1219 2208 suuni
1240 2157 1407 2209 «quisque
1426 2170 1536 2206 nego-

254 2225 350 2261 tium
373 2230 654 2275 exsequeretur.
711 2224 723 2241 ²³
741 2224 815 2262 Sed
843 2237 888 2260 ea
918 2223 1040 2260 divisa
1071 2222 1140 2260 hoc
1166 2220 1278 2258 modo
1298 2219 1533 2269 dicebantur,

255 2286 434 2325 Statilius
454 2293 493 2324 et
513 2286 698 2325 Gabinius
726 2287 783 2322 uti
805 2299 889 2322 cum
910 2299 1046 2334 magna
1066 2291 1179 2321 manu
1200 2282 1397 2320 duodecim
1420 2282 1534 2319 simul

253 2355 467 2399 opportuna
486 2350 570 2387 loca
587 2349 694 2388 urbis
725 2348 983 2396 incenderent,
1004 2360 1078 2398 quo
1098 2345 1267 2383 tumultu
1287 2345 1436 2384 facilior
1455 2345 1533 2383 adie
