1566 2586
643 181 954 209 suana-rna.
1386 173 1458 211 133

139 289 267 331 multa
285 289 387 329 bona
405 300 518 327 carus
539 292 807 339 acceptusque.
865 287 878 305 ²
896 285 1022 333 Quem
1039 285 1222 324 Bocchus
1237 286 1357 325 fidum
1374 301 1459 327 esse

141 354 332 394 Romanis
351 354 489 392 multis
508 359 599 391 ante
621 351 922 403 tempestatibus
943 356 1142 402 expertus,
1162 351 1271 389 illico
1294 351 1343 389 ad
1375 352 1459 391 Sul-

138 419 218 458 lam
245 419 472 457 nuntiatum
504 418 867 468 mittit,‘paratum
899 429 982 455 sese
1013 417 1153 466 facere,
1173 429 1261 468 quae
1291 417 1458 467 populus

139 483 342 522 Romanus
360 483 507 522 vellet:
538 482 731 533 colloquio
759 482 874 531 diem,
895 481 1036 528 locum,
1057 486 1212 531 tempus
1242 481 1324 531 ipse
1356 482 1459 519 dele-

137 553 269 599 geret3
299 548 311 566 ⁹
324 547 503 585 consulta
523 560 607 585 sese
628 546 757 584 omnia
776 559 864 583 cum
881 545 949 583 illo
970 545 1124 595 integra
1154 545 1299 583 habere
1316 558 1323 582 :
1355 546 1366 562 ⁴
1380 559 1459 583 neu

140 612 170 651 J
173 612 353 663 ugurthae
365 612 539 662 legatum
552 611 863 662 pertimesceret3
879 623 955 662 quo
969 623 1030 648 res
1044 609 1260 647 communis
1273 609 1458 647 licentius

138 681 361 726 gereretur-3
397 688 486 712 nam
518 675 567 712 ab
598 674 751 712 insidiis
784 675 869 724 ejus
900 673 1016 711 aliter
1047 672 1176 710 caveri
1206 673 1454 724 nequivisse.'

141 740 219 780 Sed
239 753 310 791 ego
330 740 547 791 comperior
568 740 768 778 Bocchum
791 741 801 758 ⁶
815 740 940 790 magis
970 739 1123 777 Punica
1151 739 1238 789 fide,
1257 753 1376 791 quam
1405 739 1455 778 ob

139 817 197 855 ea,
216 818 304 856 quae
322 805 572 856 praedicabat,
592 804 710 842 simul
732 804 931 842 Romanos
951 809 992 841 et
1013 803 1228 842 Numidam
1255 817 1322 855 spe
1350 804 1458 855 pacis

139 869 360 919 attinuisse,
381 869 627 921 multumque
647 882 735 907 cum
756 869 886 907 animo
907 882 975 907 suo
1004 869 1159 908 volvere
1189 868 1363 919 solitum,
1384 868 1415 907 J
1418 882 1458 907 u-

141 934 325 984 gurtham
354 934 556 984 Romanis,
576 948 625 972 an
654 934 715 971 illi
746 934 897 973 Sullam
927 927 1365 972 traderet1⁶libidinem
1394 934 1458 972 ad-

143 1011 297 1037 versum
316 1012 398 1048 nos,
417 1004 567 1037 metum
586 1012 655 1050 pro
674 999 788 1037 nobis
808 999 986 1037 suasisse.

223 1061 332 1101 CIX.
365 1062 495 1112 Igitur
516 1062 628 1101 Sulla
646 1062 861 1113 respondit,
882 1063 892 1080 ¹
906 1066 914 1082 ‘
929 1075 1052 1113 pauca
1080 1075 1209 1100 coram
1231 1062 1384 1112 Aspare
1405 1061 1458 1101 lo-

142 1132 350 1176 cuturum,
383 1132 514 1164 cetera
542 1126 706 1176 occulte,
725 1132 794 1164 aut
822 1126 932 1164 nullo
963 1131 1031 1164 aut
1062 1139 1178 1177 quam
1211 1126 1458 1176 paucissimis

141 1191 401 1242 praesentibus
416 1193 436 1236 ;’
456 1190 574 1229 simul
595 1190 743 1240 edocet,
762 1204 850 1242 quae
870 1191 946 1229 sibi
961 1191 1300 1241 responderentur.
1347 1191 1458 1231 Post-

139 1268 270 1306 quam,
290 1255 407 1292 sicuti
426 1255 616 1305 voluerat,
636 1255 844 1305 congressi,
865 1255 962 1293 dicit
982 1257 990 1276 ²
1007 1269 1047 1293 se
1067 1256 1230 1294 missum
1251 1270 1273 1294 a
1299 1256 1457 1294 consule

138 1319 292 1358 venisse
312 1319 325 1337 ²
338 1319 547 1370 quaesitum
567 1319 616 1357 ab
632 1333 688 1368 eo,
701 1332 835 1370 pacem
855 1333 904 1358 an
924 1320 1072 1358 bellum
1089 1320 1311 1370 agitaturus
1330 1321 1455 1359 foret.'

142 1383 243 1421 'I'um
262 1396 343 1431 rex,
355 1383 416 1421 uti
431 1389 668 1434 praeceptum
684 1384 846 1430 fuerat,‘
863 1389 951 1434 post
971 1385 1076 1422 diem
1097 1385 1290 1422 decimum
1308 1385 1455 1423 redire²

135 1448 275 1498 jubet,
309 1449 406 1486 ³‘ac
437 1448 538 1486 nihil
567 1449 686 1487 etiam
717 1462 819 1486 nunc
851 1449 1080 1499 decrevisse,
1111 1450 1180 1487 sed
1209 1450 1277 1488 illo
1308 1450 1371 1488 die
1399 1464 1456 1489 re-

139 1525 370 1563 sponsurum
387 1514 406 1550 :²
442 1513 533 1551 dein
567 1513 680 1552 ambo
712 1513 753 1550 in
784 1526 854 1551 sua
885 1518 1014 1551 castra
1045 1514 1220 1564 digressi.
1280 1514 1359 1553 Sed
1387 1515 1456 1554 ubi

95 1608 97 1610 .
138 1577 370 1629 plerumque
388 1579 516 1616 noctis
534 1579 736 1628 processit,
758 1578 869 1617 Sulla
889 1592 912 1616 a
932 1579 1087 1617 Boccho
1117 1579 1268 1617 occulte
1297 1580 1456 1618 arcessi-

139 1646 231 1679 tur:
261 1642 310 1680 ab
329 1647 496 1693 utroque
525 1643 797 1680 tantummodo
825 1643 894 1680 fidi
923 1643 1158 1692 interpretes
1186 1644 1449 1693 adhibentur;

140 1710 331 1757 praeterea
353 1706 486 1744 Dabar
506 1706 783 1756 internuntius,
803 1707 815 1724 ⁴
830 1712 988 1745 sanctus
1016 1707 1076 1746 vir
1107 1712 1148 1745 et
1179 1721 1228 1746 ex
1259 1708 1456 1747 sententia

141 1770 340 1809 ambobus.
399 1770 460 1808 Ac
481 1770 616 1808 statim
636 1771 691 1808 sic
710 1784 780 1808 rex
801 1771 960 1821 incipit:

223 1833 307 1874 CX.
341 1836 350 1854 ¹
368 1835 615 1886 “Nunquam
647 1848 718 1886 ego
742 1841 852 1874 ratus
873 1849 957 1874 sum
978 1836 1073 1886 fore,
1091 1836 1152 1874 uti
1171 1850 1241 1875 rex
1259 1837 1454 1876 maximus

141 1900 183 1938 in
202 1899 274 1938 hac
294 1905 400 1938 terra
419 1905 459 1938 et
479 1901 663 1951 omnium,
683 1914 780 1953 quos
799 1902 900 1951 novi,
920 1902 1072 1953 privato
1101 1902 1252 1941 homini
1284 1904 1453 1954 gratiam

142 1964 334 2003 deberem.
394 1965 463 2015 Et,
483 1965 717 2016 mehercule,
749 1965 871 2017 Sulla,
900 1972 991 2005 ante
1025 1972 1064 2005 te
1085 1968 1297 2019 cognitum,
1317 1969 1454 2008 multis

141 2030 357 2080 orantibus,
390 2030 479 2069 aliis
512 2030 618 2069 ultro
652 2037 807 2082 egomet
840 2045 951 2083 opem
986 2033 1073 2083 tuli,
1103 2034 1253 2072 nullius
1286 2034 1450 2085 indigui.

140 2094 154 2113 ²
171 2094 220 2133 Id
240 2094 506 2145 imminutum,
524 2094 630 2146 quod
660 2085 781 2134 ceteri
802 2095 932 2135 dolere
956 2096 1094 2147 solent,
1118 2110 1188 2148 ego
1209 2097 1342 2135 laetor:
1374 2098 1453 2135 fue-

139 2159 194 2197 rit
213 2159 311 2197 mihi
331 2160 484 2210 eguisse
506 2159 715 2212 aliquando
735 2161 919 2199 amicitiae
938 2166 1029 2213 tuae,
1048 2176 1126 2214 qua
1146 2163 1248 2213 apud
1280 2162 1453 2200 animum

140 2237 270 2262 meum
298 2225 399 2262 nihil
432 2225 561 2263 carius
590 2225 725 2263 habeo.
780 2225 835 2269 ,Id
864 2226 960 2265 adeo
989 2227 1159 2277 experiri
1189 2227 1302 2264 licet:
1333 2239 1452 2277 arma,

141 2289 256 2339 viros,
291 2290 508 2341 pecuniam,
546 2295 743 2341 postremo
779 2291 971 2343 quidquid
1013 2292 1144 2330 animo
1182 2291 1293 2341 libet,
1331 2304 1452 2342 sume,

141 2359 273 2392 utere:
317 2360 367 2405 et,
397 2355 526 2407 quoad
558 2355 679 2405 vives,
707 2355 930 2407 ³nunquam
963 2356 1040 2394 tibi
1064 2354 1256 2393 redditam
1280 2355 1449 2406 gratiam

142 2419 363 2470 putaveris3
394 2421 544 2472 semper
564 2420 666 2471 apud
686 2432 748 2458 me
766 2419 919 2472 integra
940 2420 1016 2459 erit
1032 2434 1039 2458 :
1071 2420 1239 2471 denique
1258 2420 1369 2470 nihil,
1388 2434 1450 2459 me
