1586 2600
7 1936 34 2029 223&ss
19 1910 22 1916 -

634 165 914 193 susumus
1391 154 1440 188 65

135 281 279 317 torrem
298 273 438 325 patria,
457 273 583 323 domo,
602 272 756 322 inopem
786 275 827 308 et
859 273 1086 320 coopertum
1104 267 1274 306 miseriis
1295 267 1439 317 effecit,

135 345 179 378 ut
197 339 327 378 ubivis
346 338 472 376 tutius
492 350 608 388 quam
629 337 669 373 in
688 349 773 373 meo
794 347 912 384 reguo
932 346 1066 371 essem.

213 402 335 453 “Ego
367 402 421 439 sic
455 400 742 448 existImabam,
762 404 892 449 patres
920 396 1140 447 conscripti,
1159 401 1205 433 ut
1234 394 1431 445 praedican

135 473 214 509 tem
251 466 476 504 audiveram
510 470 663 516 patrem
696 476 838 512 meum,
868 461 996 513 ¹¹‘qui
1028 466 1198 499 vestram
1228 458 1440 497 amicitiam

135 531 346 581 diligenter
366 529 546 579 colerentt
566 541 630 566 eos
650 527 818 565 multum
849 525 1023 564 laborem
1045 524 1252 574 suscipere,
1271 528 1442 560 ceterum

136 609 183 633 ex
204 594 384 633 omnibus
403 593 572 631 maxime
603 597 710 630 tutos
741 593 847 629 esse.’
905 591 930 608 ¹²
945 589 1058 635 Quod
1079 589 1119 626 in
1139 588 1291 626 familia
1311 592 1443 625 nostra

137 659 224 708 fuit,
242 658 440 709 praestitit,
460 657 520 694 uti
552 657 592 694 in
612 655 792 694 omnibus
811 654 927 693 bellis
957 654 1111 692 adesset
1131 653 1263 691 vobis:
1295 665 1365 689 nos
1385 651 1442 689 uti

138 736 207 774 per
226 722 350 760 otium
370 722 450 759 tuti
481 722 613 770 simus,
635 721 673 757 in
694 725 824 758 vestra
839 732 961 756 ‘manu
981 724 1051 767 est,
1071 723 1202 768 patres
1223 715 1442 766 conscripti.

139 786 260 824 Pater
297 798 367 824 nos
406 785 503 835 duos
536 785 677 822 fratres
710 783 895 834 reliquit;
943 782 1156 831 ¹³tertium,
1191 780 1446 831 Jugurtham,

137 849 333 888 beneficiis
371 849 452 887 suis
487 853 597 886 ratus
636 838 695 885 est
726 849 975 897 conjunctum
1015 846 1127 884 nobis
1163 845 1255 883 fore.
1329 845 1446 882 Alter

138 926 270 950 eorum
302 918 464 950 necatus
495 917 566 962 est,
600 912 761 949 alterius
798 911 878 962 ipse
922 923 992 961 ego
1026 923 1164 948 manus
1203 909 1342 960 impias
1379 908 1447 946 vix

140 977 266 1027 effugi.
324 976 428 1022 Quid
457 977 596 1027 agam(l
627 982 695 1014 aut
714 990 790 1028 quo
811 976 1055 1026 potissimum
1076 975 1215 1013 infelix
1236 974 1445 1012 accedam?

141 1039 304 1079 Generis
330 1041 510 1091 praesidia
539 1041 668 1078 omnia
698 1041 893 1078 exstincta
913 1045 1027 1078 sunt:
1058 1045 1181 1090 pater,
1200 1039 1261 1076 uti
1291 1051 1448 1076 necesse

139 1109 234 1154 erat,
253 1109 403 1142 naturae
431 1105 644 1153 concessit3
676 1104 802 1153 fratri,
833 1105 857 1122 ¹⁴
872 1117 986 1155 quem
1020 1104 1182 1141 minime
1204 1103 1346 1152 decuit,
1365 1115 1449 1152 pro-

137 1168 306 1218 pinquus
338 1181 407 1218 per
440 1168 567 1206 scelus
598 1168 719 1206 vitam
749 1168 916 1218 eripuit3
949 1168 1092 1217 affines,
1121 1167 1277 1217 amicos,
1296 1167 1449 1218 propin-

137 1243 233 1282 quos
261 1237 422 1282 ceteros,
442 1232 563 1269 alium
591 1231 670 1269 alia
689 1232 820 1270 clades
849 1232 1065 1282 oppressit:
1097 1231 1201 1282 capti
1230 1231 1279 1269 ab
1301 1231 1330 1269 J
1334 1244 1449 1280 ugur—

136 1296 205 1334 tha
233 1309 324 1347 pars
356 1297 396 1334 in
430 1310 582 1335 crucem
611 1298 700 1347 acti,
719 1310 809 1347 pars
842 1297 980 1335 bestiis
1011 1297 1156 1347 objecti
1177 1302 1292 1346 sunt,
1323 1296 1451 1346 pauci,

136 1360 279 1412 quibus
298 1360 437 1398 relicta
456 1367 516 1399 est
536 1362 676 1411 anima,
697 1361 820 1399 clausi
850 1362 890 1399 in
918 1362 1094 1399 tenebris
1115 1374 1202 1399 cum
1224 1375 1387 1399 moerore
1409 1367 1449 1398 et

137 1425 247 1463 luctu
266 1415 390 1463 mort'e
422 1427 640 1476 graviorem
668 1426 790 1465 vitam
812 1426 984 1477 exigunt.
1045 1426 1087 1465 Si
1109 1427 1250 1474 omnia,
1270 1440 1358 1477 quae
1379 1430 1448 1463 aut

136 1489 260 1538 amisi,
280 1494 348 1527 aut
368 1503 416 1527 ex
435 1491 665 1528 necessariis
696 1491 858 1528 adversa
891 1491 995 1528 facta
1015 1496 1117 1533 sunt,
1139 1491 1350 1528 incolumia
1370 1504 1447 1528 ma-

135 1558 283 1603 nerent,
302 1559 445 1603 tamen,
466 1554 499 1591 si
519 1555 613 1605 quid
634 1567 682 1591 ex
704 1555 913 1604 improviso
934 1555 1029 1592 mali
1051 1555 1272 1604 accidisset,
1291 1568 1359 1592 vos
1380 1555 1449 1592 im-

136 1617 341 1668 plorarem,
360 1623 491 1668 patres
521 1619 742 1668 conscripti,
773 1619 955 1669 1⁵quibus
983 1633 1052 1669 pro
1076 1619 1348 1669 magnitudine
1380 1620 1445 1657 im-

136 1681 236 1731 perii
265 1682 331 1730 jus
365 1686 405 1718 et
436 1681 600 1731 injurias
631 1695 763 1719 omnes
793 1695 895 1719 curae
916 1695 999 1720 esse
1029 1683 1152 1720 decet.
1212 1683 1328 1720 Nunc
1357 1696 1448 1721 vero

137 1745 250 1783 exsul
268 1746 408 1796 patria,
429 1746 553 1794 domo,
574 1746 680 1783 solus
700 1751 818 1798 atque
839 1747 1011 1784 omnium
1044 1747 1294 1785 honestarum
1316 1761 1447 1785 rerum

137 1808 265 1860 egens',
295 1824 372 1862 quo
406 1811 591 1861 accidam,
625 1817 694 1849 aut
723 1825 821 1863 quos
865 1813 1087 1863 appellem?
1131 1813 1362 1850 nationesne
1397 1827 1446 1850 an

136 1888 259 1924 reges,
278 1876 346 1926 qui
376 1889 508 1913 omnes
538 1876 698 1914 familiae
727 1882 871 1915 nostrae
892 1877 940 1915 ob
960 1883 1132 1916 vestram
1154 1878 1370 1915 amicitiam
1393 1878 1447 1915 in-

137 1939 228 1978 festi
248 1941 369 1977 sunt?
399 1954 448 1977 an
468 1954 662 1992 quoquam
682 1942 778 1979 mihi
799 1942 906 1980 adire
927 1942 1031 1992 licet,
1051 1943 1120 1981 ubi
1147 1957 1223 1980 non
1253 1944 1446 1993 maj0rum

136 2017 310 2042 meorum
342 2004 502 2043 hostilia
521 2011 773 2043 monumenta
805 2006 975 2057 plurima
1003 2007 1110 2045 sint'l
1141 2013 1210 2045 aut
1238 2007 1444 2058 quisquam

138 2069 166 2087 ¹²
181 2070 304 2107 nostri
325 2071 502 2108 misereri
523 2077 665 2121 potest,
685 2072 753 2123 qui
772 2071 985 2124 aliquando
1005 2073 1117 2111 vobis
1137 2073 1262 2111 hostis
1282 2073 1391 2110 fuit?

216 2135 421 2174 Postremo
444 2137 656 2174 Masinissa
674 2150 744 2175 nos
775 2138 831 2175 ita
862 2138 1050 2188 instituit,
1070 2144 1202 2189 patres
1223 2137 1445 2187 conscripti,

137 2199 206 2236 ‘ne
237 2212 352 2250 quem
387 2200 602 2238 coleremus
634 2201 711 2238 nisi
744 2202 930 2252 populum
971 2202 1206 2251 Romanum,
1239 2215 1287 2238 ne
1328 2201 1447 2238 socie-

138 2266 250 2311 tates,
269 2277 318 2301 ne
347 2264 493 2302 foedera
526 2279 625 2303 nova
659 2266 945 2316 acciperemus;
991 2267 1146 2305 abunde
1181 2279 1322 2315 magna
1351 2279 1445 2316 prae-

139 2327 239 2364 sidia
266 2329 377 2368 nobis
410 2330 450 2366 in
469 2335 600 2368 vestra
620 2331 795 2368 amicitia
817 2331 894 2369 fore
913 2346 920 2382 3
954 2332 987 2369 si
1018 2333 1043 2350 ²⁷
1060 2332 1153 2369 huic
1186 2330 1350 2380 imperio
1372 2330 1445 2368 for-

136 2395 235 2429 tuna
264 2398 492 2444 mutaretur,
512 2408 590 2433 una
620 2395 872 2434 occidendum
905 2396 1017 2435 nobis
1049 2398 1157 2434 esse.’
1215 2394 1379 2433 Virtute
1400 2408 1444 2433 ac
