1566 2586
135 153 184 190 82
482 166 521 190 c.
570 165 749 190 cnrsm
796 165 1076 191 SALLus'rn

132 278 196 303 sus
223 270 291 314 est,
310 265 434 303 fertur
452 278 551 316 saepe
574 279 616 304 eo
637 266 779 303 tacitus
800 266 1006 316 respiciens
1025 271 1216 316 postremo
1245 266 1409 305 dixisse:

131 328 284 365 ‘urbem
299 329 469 365 venalem
484 335 522 365 et
535 335 683 365 mature
697 329 917 378 perituram,
931 328 962 365 si
978 334 1184 378 emptorem
1199 329 1410 366 invenerit)

209 390 407 427 XXXVI.
455 391 617 428 Interim
653 391 833 437 Albinus,
866 397 1047 428 renovato
1085 391 1197 441 bello,
1228 404 1411 429 commea—

130 456 224 501 tum,
244 453 475 501 stipendium
497 453 657 503 aliaque,
670 467 755 503 quae
774 453 963 490 militibus
983 453 1069 490 usui
1088 454 1224 503 forent,
1243 459 1412 490 maturat

129 514 169 551 in
199 515 374 552 Africam
405 521 577 564 portare3
623 529 665 552 ac
699 516 830 552 statim
862 519 941 565 ipse
974 517 1178 565 profectus,
1207 515 1267 553 uti
1298 517 1410 552 ¹ante

129 578 295 626 comitia,
315 578 415 628 quod
447 583 597 627 tempus
628 579 729 615 haud
762 579 872 628 longe
905 579 1047 628 aberat,
1067 579 1184 616 armis
1211 583 1278 616 aut
1308 578 1411 616 dedi-

122 641 233 687 ,tione
261 647 327 677 aut
360 643 494 691 quovis
526 642 637 679 modo
668 642 813 679 bellum
844 643 1054 679 conficeret.
1113 643 1170 679 At
1189 647 1320 678 contra
1341 641 1411 679 Ju-

127 704 268 753 gurtha
297 705 308 721 ²
323 705 475 741 trahere
509 706 645 753 omnia,
666 711 705 742 et
725 706 831 753 alias,
853 695 990 742 de'inde
1011 705 1106 742 alias
1134 718 1250 742 morae
1278 717 1410 751 causas

128 767 274 817 fac-ere3
304 767 479 816 polliceri
511 768 755 817 deditionem,
785 781 827 805 ac
858 769 996 805 deinde
1029 773 1174 805 metum
1205 767 1407 816 simulare,

128 830 261 867 cedere
293 830 464 878 instanti,
484 836 524 867 et
553 831 666 880 paulo
696 836 793 880 post,
812 844 859 867 ne
891 831 950 868 sui
983 831 1209 880 diffiderent,
1240 831 1407 867 instare:

127 892 183 929 ita
221 892 313 929 belli
352 893 475 941 modo,
515 893 626 931 modo
674 894 778 943 pacis
819 907 924 930 mora
961 893 1152 930 consulem
1200 893 1405 930 ludificare.

127 955 188 992 Ac
222 957 339 1004 fuere,
359 957 424 1006 qui
454 962 534 993 tum
567 957 754 994 Albinum
789 957 889 994 haud
921 958 1095 1006 ignarum
1130 956 1279 993 consilii
1308 955 1409 1005 regis

127 1018 414 1067 existimarent3
446 1032 567 1069 neque
589 1033 636 1056 ex
654 1025 763 1056 tanta
782 1019 1026 1068 properantia
1054 1020 1065 1037 ³
1082 1025 1161 1056 tam
1181 1019 1294 1055 facile
1314 1023 1409 1055 trac-

126 1085 209 1117 tum
250 1080 393 1118 bellum
427 1082 598 1118 socordia
632 1082 753 1131 magis
783 1095 895 1132 quam
928 1082 1014 1119 dolo
1056 1082 1264 1118 crederent.
1332 1081 1409 1119 Sed

126 1149 338 1194 postquam,
372 1145 519 1194 dilapso
558 1150 739 1194 tempore,
771 1145 1012 1182 comitiorum
1050 1145 1132 1182 dies
1164 1145 1408 1194 adventabat,

126 1206 306 1254 Albinus,
327 1207 430 1244 Aulo
462 1210 581 1244 fratre
610 1207 648 1243 in
681 1208 817 1244 castris
852 1208 944 1256 ⁴pro
974 1212 1136 1256 praetore
1166 1207 1312 1255 relicto,
1332 1206 1407 1243 Ro-

126 1282 225 1306 mam
248 1269 419 1306 decessit.

204 1331 426 1368 XXXVII.
467 1331 525 1368 Ea
554 1336 782 1380 tempestate
812 1331 946 1369 Romae
982 1331 1260 1369 ¹seditionibus
1289 1331 1406 1368 tribu-

124 1393 237 1431 niciis
267 1394 448 1430 atrociter
479 1407 538 1430 res
558 1394 712 1443 publica
733 1394 960 1443 agitabatur.
1018 1394 1060 1431 P.
1086 1393 1272 1430 Lucullus
1291 1399 1331 1430 et
1360 1393 1402 1430 L.

125 1457 289 1506 Annius,
320 1457 466 1495 tribuni
499 1457 633 1506 plebis,
664 1458 932 1494 resistentibus
961 1457 1127 1506 collegis,
1155 1457 1405 1494 ⁹continuare

125 1519 392 1568 magistratum
421 1520 663 1557 nitebantur:
694 1533 779 1570 quae
799 1519 983 1556 dissensio
1004 1520 1123 1556 totius
1142 1519 1231 1556 anni
1251 1519 1406 1557 comitia

124 1583 369 1632 impediebat.
429 1583 487 1619 Ea
515 1596 620 1620 mora
640 1583 678 1619 in
708 1596 811 1632 spem
841 1583 1028 1619 adductus
1049 1582 1187 1632 Aulus,
1207 1595 1319 1632 quem
1338 1596 1406 1632 pro

122 1651 285 1695 praetore
319 1645 358 1682 in
385 1645 522 1682 castris
553 1645 730 1682 relictum
762 1658 876 1694 supra
896 1645 1073 1693 diximus,
1093 1650 1160 1682 aut
1179 1645 1406 1682 conficiundi

125 1708 217 1746 belli
237 1714 304 1744 aut
324 1713 468 1745 terrore
489 1708 682 1744 exercitus
713 1708 760 1744 ab
781 1720 870 1756 rege
890 1707 1061 1756 pecuniae
1080 1707 1289 1756 capiundae,
1309 1706 1406 1744 mili-

126 1775 182 1807 tes
211 1783 340 1807 mense
371 1770 559 1808 Januario
593 1783 640 1807 ex
677 1770 847 1807 hibernis
878 1770 916 1806 in
951 1769 1233 1819 expeditionem
1263 1773 1406 1819 evocat,

125 1833 347 1883 magnisque
381 1833 598 1881 itineribus,
627 1833 751 1869 hieme
783 1845 928 1882 aspera,
948 1832 1122 1882 pervenit
1148 1832 1196 1869 ad
1224 1832 1404 1882 oppidum

125 1895 277 1944 Suthul,
310 1895 376 1932 ubi
415 1895 516 1944 regis
547 1895 718 1932 thesauri
750 1901 867 1932 erant.
937 1896 948 1913 ³
967 1895 1077 1940 Quod
1107 1907 1335 1945 quamquam
1365 1899 1404 1931 et

123 1958 271 1996 saevitia
301 1958 483 2007 temporis
521 1963 559 1994 et
588 1959 873 2008 opportunitate
905 1958 979 1995 loci
1011 1970 1133 2008 neque
1165 1957 1249 2007 capi
1280 1969 1402 2006 neque

122 2022 291 2060 obsideri
327 2026 478 2070 poterat
509 2021 610 2069 (nam
641 2021 782 2058 circum
816 2035 978 2070 murum,
1006 2021 1123 2058 situm
1151 2020 1190 2056 in
1219 2020 1400 2069 praerupti

122 2085 264 2123 montis
284 2089 466 2132 extremo,
486 2084 665 2133 planities
694 2085 829 2121 limosa
848 2083 1077 2121 hiemalibus
1097 2082 1205 2133 aquis
1224 2081 1401 2132 paludem

121 2148 305 2198 fecerat);
328 2153 466 2196 tamen,
480 2151 546 2183 aut
566 2147 577 2164 ⁴
592 2147 798 2184 simulandi
818 2147 954 2196 gratia,
969 2159 1043 2196 quo
1058 2145 1139 2194 regi
1158 2144 1401 2182 formidinem

122 2211 293 2258 adderet,
313 2215 379 2247 aut
407 2210 583 2259 cupidine
605 2222 726 2246 caecus
756 2210 803 2247 ob
837 2210 1034 2246 thesauros
1055 2207 1182 2257 oppidi
1214 2206 1402 2256 potiundi,

121 2273 252 2310 vineas
282 2286 406 2322 agere,
434 2285 611 2322 aggerem
642 2274 781 2321 jacere,
811 2272 974 2322 aliaque,
1003 2283 1088 2321 quae
1130 2270 1283 2320 incepto
1315 2268 1403 2307 usui

121 2335 259 2385 forent,
277 2347 487 2386 properare.
