1586 2600
632 213 939 240 Jucun'rna.
1394 203 1444 240 69

128 319 264 371 lingua
293 319 527 358 commercia
554 318 828 371 prohibebant.
888 317 947 356 Hi
966 316 1160 368 paulatim
1190 318 1285 367 ⁶per
1304 329 1444 355 connu-

125 384 192 424 bia
211 384 389 424 Gaetulos
409 397 540 423 secum
560 384 773 433 miscuere3
805 388 845 421 et
864 382 956 434 quia
977 395 1078 432 saepe
1100 386 1300 419 tentantes
1320 394 1444 431 agros,

127 449 207 488 alia
226 449 368 488 deinde
389 449 468 487 alia
497 449 582 486 loca
601 449 834 499 petiverant,
855 452 979 485 semet
1000 447 1074 497 ipsi
1097 445 1297 484 Nomadas
1317 445 1444 495 appel-

124 513 264 552 lavere.
324 511 511 552 Ceterum
543 513 700 550 “adhuc
731 511 896 550 aedificia
930 510 1195 548 Numidarum
1216 509 1443 560 agrestium,

125 592 213 632 quae
231 578 402 630 mapalia
436 579 496 616 illi
528 583 678 628 vocant,
699 578 877 628 oblonga,
898 577 1070 616 incurvis
1100 576 1292 615 lateribus
1326 580 1442 623 tecta,

123 644 237 695 quasi
269 643 427 681 navium
459 643 603 682 carinae
634 648 734 681 sunt.
794 643 904 680 Medi
931 647 1062 680 autem
1083 647 1124 679 et
1145 641 1338 690 Armenii,
1358 641 1443 677 ⁷ae·

123 721 274 747 cessere
306 709 452 759 Libyes
484 709 590 757 (nam
623 708 664 745 hi
693 708 853 758 propius
879 720 986 745 mare
1008 707 1190 744 Africum
1211 705 1438 756 agitabant3

127 771 275 812 Gaetuli
296 773 368 812 sub
399 773 480 811 sole
511 773 648 823 magis,
669 773 774 810 haud
803 772 940 823 procul
974 771 1023 810 ab
1044 771 1289 821 ardoribus),
1322 770 1440 821 hique

122 843 276 889 mafflre
307 838 452 891 oppida
490 838 663 876 habuere
681 851 687 887 ;
729 851 820 875 nam
861 837 964 874 freto
1006 836 1123 874 divisi
1153 835 1202 874 ab
1243 834 1440 885 Hispania

122 889 274 942 mutare
293 915 355 941 res
374 902 477 940 inter
497 916 537 940 se
558 902 822 940 instituerant.
882 901 1036 939 Nomen
1059 901 1070 918 ⁸
1084 914 1217 939 eorum
1246 899 1438 951 paulatim

125 965 270 1018 Libyes
289 980 506 1018 corrupere,
525 967 692 1005 barbara
723 966 858 1016 lingua
889 966 1049 1004 Mauros
1068 979 1137 1016 pro
1161 963 1436 1015 Medisappel-

122 1030 259 1070 lantes.
317 1032 395 1072 Sed
422 1046 484 1070 res
505 1033 716 1070 Persarum
749 1033 860 1071 brevi
888 1032 1086 1082 adolevit3
1118 1044 1162 1069 ac
1181 1037 1327 1082 postea,
1349 1032 1438 1068 ”no-

122 1096 228 1134 mine
249 1096 445 1147 Numidae,
463 1102 620 1148 propter
640 1097 938 1134 multitudinem
958 1110 981 1134 a
1011 1096 1240 1147 parentibus
1260 1095 1438 1146 digressi,

120 1161 327 1212 possedere
347 1174 390 1199 ea
421 1161 517 1211 loca,
537 1174 624 1212 quae
643 1161 819 1212 proxime
852 1160 1133 1211 Carthaginem
1164 1161 1355 1198 Numidia
1376 1173 1438 1211 ap·

118 1225 298 1277 pellatur.
357 1225 509 1264 Deinde
532 1227 558 1244 ¹⁰
571 1226 728 1277 utrique
748 1225 884 1263 alteris
904 1225 1008 1274 freti,
1023 1225 1210 1262 finitimos
1230 1224 1348 1262 armis
1368 1229 1437 1262 aut

118 1294 228 1327 metu
248 1289 320 1328 sub
351 1289 558 1340 imperium
590 1303 702 1327 suum
723 1295 896 1339 coegere,
916 1302 1057 1327 nomen
1087 1289 1330 1340 gloriamque
1360 1288 1436 1327 sibi

117 1353 326 1404 addidere,
362 1354 487 1404 magis
509 1354 549 1403 ii,
565 1354 633 1405 qui
654 1354 703 1391 ad
722 1360 901 1392 nostrum
921 1367 1027 1392 mare
1047 1359 1327 1404 processerant,
1342 1353 1435 1404 quia

118 1417 265 1469 Libyes
285 1431 402 1469 quam
424 1418 571 1458 Gaetuli
592 1419 720 1456 minus
740 1418 927 1457 bellicosi.
978 1418 1158 1469 Denique
1176 1418 1325 1456 Africae
1343 1431 1434 1468 pars

116 1481 278 1520 inferior
297 1482 482 1533 pleraque
512 1482 560 1521 ab
583 1482 769 1520 Numidis
798 1495 976 1534 possessa
996 1487 1077 1532 est3
1122 1481 1218 1521 victi
1238 1495 1372 1519 omnes
1393 1481 1433 1519 in

114 1551 509 1598 gentem.nomenque
530 1547 807 1597 imperantium
830 1559 1062 1585 concessere.

196 1610 315 1648 XIX.
375 1611 521 1649 Postea
541 1611 759 1659 Phoenices,
781 1612 790 1629 ¹
803 1611 872 1648 alii
891 1610 1163 1648 multitudinis
1183 1610 1289 1648 domi
1310 1610 1433 1648 minu-

115 1674 227 1712 endae
245 1674 386 1724 gratia,
404 1688 495 1724 pars
515 1674 670 1724 imperii
699 1675 893 1724 cupidine,
914 1674 1129 1712 sollicitata
1147 1674 1262 1724 plebe
1283 1680 1322 1711 et
1343 1674 1432 1712 aliis

114 1750 304 1775 novarum
339 1750 469 1775 rerum
501 1738 638 1787 avidis,
671 1738 909 1788 Hipponem,
942 1737 1249 1788 Hadrumetum,
1272 1738 1431 1788 Leptim

114 1801 289 1853 aliasque
318 1801 435 1840 urbes
467 1801 508 1839 in
547 1815 615 1840 ora
647 1802 845 1840 maritima
879 1802 1110 1852 condidere,
1155 1816 1287 1854 eaeque
1322 1803 1431 1841 brevi

113 1865 284 1904 multum
318 1871 453 1916 auctae,
472 1879 561 1916 pars
595 1866 813 1917 originibus
850 1866 931 1904 suis
963 1866 1158 1917 praesidio,
1178 1866 1266 1905 aliae
1300 1866 1430 1905 decori

112 1930 232 1968 fuere.
290 1930 303 1948 ²
318 1929 422 1968 Nam
443 1930 490 1968 de
513 1929 750 1981 Carthagine
782 1930 898 1968 silere
931 1930 1074 1968 melius
1104 1936 1210 1981 puto,
1230 1945 1347 1983 quam
1367 1945 1430 1982 pa-

111 2007 199 2033 rum
220 1995 361 2044 dicere,
381 1994 566 2046 quoniam
587 1995 664 2032 alio
691 2008 898 2046 properare
919 2001 1075 2046 tempus
1094 2002 1237 2034 monet.
1298 1996 1430 2047 Igitur

113 2060 192 2098 'ad
226 2059 526 2109 Catabathmon,
545 2059 614 2111 qui
647 2059 755 2098 locus
775 2060 996 2111 AEgyptum
1026 2060 1075 2099 ab
1105 2060 1244 2098 Africa
1273 2061 1428 2110 dividit,

113 2124 283 2164 secundo
315 2125 415 2163 mari
445 2125 571 2175 prima
594 2123 746 2175 Cyrene
767 2130 839 2175 est,
859 2125 1011 2164 colonia
1033 2125 1237 2176 Theraeon,
1257 2139 1301 2163 ac
1323 2125 1428 2162 dein-

112 2201 202 2241 ceps
235 2190 323 2228 duae
363 2189 513 2241 Syrtes,
547 2189 728 2240 interque
757 2202 823 2228 eas
858 2190 1007 2241 Leptis,
1042 2190 1184 2228 deinde
1219 2190 1427 2228 Philaenon

112 2266 202 2304 arae,
220 2267 336 2305 quem
365 2254 494 2292 locum
515 2254 736 2305 AEgyptum
756 2267 889 2292 versus
918 2255 1034 2292 finem
1068 2255 1223 2306 imperii
1254 2254 1426 2292 habuere

115 2317 480 2370 Carthaginienses,
526 2325 614 2370 post
649 2319 736 2357 aliae
777 2319 938 2359 Punicae
965 2321 1091 2359 urbes.
1166 2319 1307 2358 Cetera
1340 2318 1426 2356 loca

111 2395 234 2433 usque
250 2384 299 2421 ad
316 2383 603 2422 Mauretaniam
622 2384 659 2422 N
664 2384 807 2422 umidae
823 2390 972 2423 tenent:
995 2385 1170 2436 proxime
1189 2383 1422 2434 Hispaniam

64 2447 68 2450 ⁴
113 2446 245 2488 Mauri
263 2453 362 2487 sunt.
411 2449 424 2467 ⁴
439 2448 564 2500 Super
585 2448 815 2488 Numidiam
836 2449 1012 2489 Gaetulos
1032 2449 1264 2499 accepimus,
1278 2447 1423 2500 partim
