1586 2600
681 178 928 205 snoun'rn
980 197 985 202 .
1441 169 1490 206 59

256 284 358 325 VII.
391 284 469 329 His
489 283 787 322 difficultatibus
807 282 1109 332 circumventus,
1129 282 1196 320 ubi
1226 282 1335 320 videt
1363 296 1487 334 neque

175 364 246 403 per
271 351 351 390 vim
371 362 497 401 neque
517 349 674 387 insidiis
695 347 862 399 opprimi
882 360 994 398 posse
1015 347 1213 384 hominem
1248 352 1328 384 tam
1359 360 1490 398 accep-

175 419 260 453 tum
291 413 579 465 ¹popularibus,
599 413 702 464 quod
734 417 818 450 erat
839 411 1043 462 ‚Iugurtha
1072 425 1189 448 manu
1218 416 1420 461 promptus
1449 417 1489 448 et

175 484 362 531 appetens
389 479 526 529 gloriae
559 477 757 527 militaris,
777 476 920 514 statuit
953 490 1041 514 eum
1062 476 1260 526 objectare
1292 476 1488 527 periculis,

175 547 216 581 et
243 556 288 581 eo
321 542 436 581 modo
470 543 669 580 fortunam
703 546 866 578 tentare.
926 540 1057 590 Igitur
1086 539 1215 578 ²bello
1245 539 1487 578 Numantino

175 606 354 657 Micipsa,
387 619 508 658 quum
546 605 689 656 populo
729 605 908 643 Romano
943 604 1120 655 equitum
1153 609 1270 655 atque
1309 601 1487 654 peditum

175 669 324 708 auxilia
357 669 545 718 mitteret,
567 682 724 719 sperans
757 668 820 707 vel
851 668 1084 706 ostentando
1105 668 1293 706 virtutem
1316 668 1377 706 vel
1404 667 1488 705 hos-

174 734 274 771 tium
294 733 446 772 saevitia
474 733 589 770 facile
610 746 698 770 eum
721 745 958 781 occasurum,
977 732 1154 782 praefecit
1177 732 1371 781 Numidis,
1391 745 1488 783 quos

173 797 215 834 in
236 797 470 848 Hispaniam
491 796 686 834 mittebat.
747 795 825 834 Sed
846 809 891 833 ea
911 809 973 833 res
1003 796 1014 812 ³
1031 795 1146 846 longe
1167 795 1294 845 aliter,
1315 809 1358 833 ac
1379 801 1487 834 ratus

174 866 269 911 erat,
300 861 440 899 evenit.
499 860 602 898 Nam
635 859 850 909 Jugurtha,
870 864 916 897 ut
946 864 1030 897 erat
1059 859 1226 909 impigro
1257 865 1374 910 atque
1407 860 1487 897 acri

173 925 340 976 ingenio,
359 925 427 963 ubi
445 930 626 962 naturam
648 924 691 961 P.
712 923 915 974 Scipionis,
934 923 1002 974 qui
1019 928 1112 960 tunc
1133 923 1144 940 ⁴
1159 922 1350 960 Romanis
1371 923 1487 974 impe-

174 994 280 1026 rator
308 994 403 1038 erat,
426 994 466 1026 et
485 1002 631 1026 morem
663 987 834 1025 hostium
856 987 1051 1037 cognovit,
1071 987 1198 1025 multo
1227 986 1371 1036 labore,
1391 987 1487 1025 mul-

174 1057 291 1103 taque
311 1065 415 1102 cura,
434 1057 622 1102 praeterea
641 1051 929 1089 modestissime
950 1051 1132 1101 parendo,
1148 1056 1188 1088 et
1210 1063 1311 1100 saepe
1333 1051 1486 1088 obviam

174 1116 299 1154 eundo
319 1116 516 1167 periculis,
536 1116 575 1153 in
607 1121 758 1153 tantam
790 1116 1066 1153 claritudinem
1098 1116 1210 1154 brevi
1244 1121 1486 1166 pervenerat,

172 1185 218 1217 ut
243 1180 389 1218 nostris
422 1180 674 1218 vehementer
705 1193 828 1227 carus,
850 1179 1105 1216 Numantinis
1137 1179 1308 1216 maximo
1343 1180 1485 1217 terrori

171 1247 283 1280 esset.
333 1242 394 1280 Ac
414 1256 518 1292 sane,
539 1243 551 1260 ⁶
564 1242 667 1294 quod
689 1242 960 1280 difficillimum
983 1242 1022 1279 in
1042 1242 1179 1292 primis
1199 1247 1270 1291 est,
1290 1246 1330 1279 et
1349 1242 1485 1292 proelio

170 1311 354 1352 strenuus
374 1311 470 1356 erat,
490 1311 531 1343 et
563 1306 686 1344 bonus
707 1305 870 1343 consilio
889 1319 896 1355 3
929 1306 941 1323 ⁶
954 1318 1120 1356 quorum
1141 1306 1310 1343 alterum
1332 1319 1380 1343 ex
1401 1319 1485 1356 pro-

168 1369 344 1408 videntia
373 1370 567 1419 timorem,
587 1369 757 1407 alterum
778 1382 827 1406 ex
859 1369 1022 1406 audacia
1053 1370 1317 1406 temeritatem
1345 1370 1483 1408 afferre

167 1433 397 1485 plerumque
429 1434 538 1471 solet.
598 1433 729 1483 Igitur
756 1433 968 1483 imperator
989 1447 1122 1471 omnes
1142 1434 1223 1471 fere
1244 1447 1306 1472 res
1327 1447 1483 1484 asperas

167 1511 236 1548 per
257 1497 286 1536 J
290 1497 500 1548 ugni-tham
530 1499 541 1515 ⁷
559 1510 685 1547 agere,
705 1497 745 1534 in
775 1497 912 1534 amicis
944 1497 1099 1547 habere,
1120 1498 1246 1548 magis
1278 1498 1481 1550 magisque

167 1574 258 1600 eum
278 1562 316 1599 in
339 1562 423 1599 dies
444 1561 651 1611 amplecti3
683 1562 826 1612 quippe
848 1563 960 1610 cujus
981 1575 1106 1612 neque
1129 1562 1334 1599 consilium
1355 1576 1481 1614 neque

167 1625 368 1676 inceptum
387 1626 511 1663 ullum
544 1626 694 1662 frustra
715 1630 809 1662 erat.
870 1625 962 1662 Huc
983 1625 1194 1663 accedebat
1214 1626 1482 1664 munificentia

167 1690 288 1728 animi
307 1695 348 1728 et
366 1689 515 1740 ingenii
535 1689 706 1739 solertia,
719 1694 806 1740 quis
827 1689 944 1727 rebus
964 1689 1040 1728 sibi
1059 1690 1206 1728 multos
1226 1703 1275 1728 ex
1291 1690 1480 1730 Romanis

165 1754 354 1793 familiari
373 1754 547 1792 amicitia
567 1755 834 1803 conjunxerat.

247 1819 373 1858 VIII.
407 1819 467 1856 Ea
487 1823 722 1869 tempestate
739 1818 779 1855 in
795 1818 971 1856 exercitu
986 1823 1119 1856 nostro
1135 1819 1244 1857 fuere
1261 1819 1479 1870 complures

166 1885 178 1902 ¹
194 1884 284 1922 novi
304 1889 422 1935 atque
442 1882 602 1933 nobiles,
621 1883 764 1934 quibus
791 1883 941 1921 divitiae
960 1882 1060 1921 bono
1089 1883 1328 1935 honestoque
1356 1885 1479 1935 potio—

164 1961 227 1987 res
261 1953 384 1997 erant,
403 1948 558 1985 factiosi
589 1947 705 1997 domi,
725 1953 904 1998 potentes
936 1947 1038 1998 apud
1069 1948 1204 1998 socios,
1224 1948 1320 1986 clari
1352 1950 1477 1999 magis

164 2026 280 2064 quam
301 2012 466 2061 honesti,
486 2012 554 2063 qui
581 2012 609 2050 J
613 2012 792 2061 ugurthae
811 2025 888 2050 non
908 2012 1145 2050 mediocrem
1165 2012 1338 2050 animum
1367 2014 1477 2063 polli-

164 2077 322 2114 citando
353 2076 628 2125 accendebant,
655 2075 712 2113 ‘si
748 2075 914 2126 Micipsa
942 2089 1011 2113 rex
1042 2076 1260 2126 occidisset,
1291 2077 1384 2125 fore,
1416 2077 1476 2113 uti

164 2140 269 2179 solus
289 2140 443 2190 imperii
465 2139 665 2177 Numidiae
685 2139 900 2189 potiretur:
933 2140 973 2177 in
1002 2140 1085 2191 ipso
1114 2140 1326 2178 maximam
1357 2140 1462 2177 virtu

163 2208 243 2242 tem
260 2217 268 2254 3
299 2203 438 2242 Romae
453 2203 582 2242 omnia
597 2203 750 2241 venalia
765 2205 871 2242 esse.’
929 2203 1007 2242 Sed
1022 2209 1240 2255 postquam,
1258 2203 1476 2241 Numantia

164 2267 306 2317 deleta,
327 2268 370 2306 P.
395 2267 524 2318 Scipio
546 2267 746 2305 dimittere
776 2268 923 2305 auxilia
954 2273 994 2305 et
1025 2268 1107 2318 ipse
1138 2267 1283 2305 reverti
1314 2267 1472 2306 domum

165 2330 349 2381 decrevit,
368 2332 381 2349 ²
395 2331 582 2370 donatum
603 2336 720 2382 atque
741 2330 944 2368 laudatum
965 2331 1167 2382 magnifice
1191 2343 1260 2380 pro
1290 2331 1472 2369 concione

166 2393 408 2445 {Iugurtham
441 2395 738 2449 in'praetorium
767 2395 944 2445 abduxit,
963 2395 1096 2446 ibique
1128 2399 1278 2432 secreto
1306 2395 1460 2433 monuit
