1566 2586
640 212 951 250 sacoaras.
1403 202 1453 239 89

141 321 249 366 ὑμὲς
279 315 319 354 in
337 320 532 366 postremo
552 314 621 355 Ὀ.
646 315 797 353 Marius
816 315 970 365 legatus
999 327 1086 352 cum
1117 314 1261 366 equitil
1272 327 1317 352 us
1345 327 1453 353 cura-

141 382 232 421 bat:
262 381 304 419 in
323 386 532 431 utrumque
554 381 659 418 latus
690 381 917 418 auxiliarios
949 381 1101 431 equites
1132 380 1303 418 tribunis
1334 380 1452 430 legio-

134 439 232 484 ¹num
253 451 293 483 et
312 445 507 495 praefectis
527 445 744 483 cohortium
775 445 1064 495 dispertiverat,
1085 449 1130 481 ut
1159 457 1247 481 cum
1277 443 1338 481 his
1368 458 1450 494 per-

140 509 256 548 mixti
294 509 467 559 ⁸velites,
499 522 728 560 quocunque
766 509 995 547 accederent
1033 509 1234 559 equitatus
1268 508 1450 557 hostium,

139 573 421 624 propulsarent.
493 573 596 611 Nam
631 573 668 610 in
706 573 735 611 J
739 573 907 623 ugurtha
941 578 1075 610 tantus
1109 572 1222 610 dolus
1262 577 1450 623 tantaque

140 638 281 688 peritia
313 638 485 676 locorum
519 643 559 675 et
595 637 750 675 militiae
781 643 876 687 erat,
910 639 992 687 ⁹ut,
1013 637 1152 675 absens
1187 650 1235 674 an
1268 650 1450 687 praesens,

139 716 273 753 paoem
293 716 343 741 an
361 702 508 742 bellum
528 715 667 753 gerens
686 703 939 753 perniciosior
959 707 1073 752 esset,
1093 702 1133 739 in
1160 702 1308 739 incerto
1337 701 1450 740 habe-

139 771 255 803 retur.

220 828 401 867 XLVII.
435 829 534 867 Erat
554 829 658 867 haud
688 829 801 879 longe
834 829 882 867 ab
915 842 958 867 eo
990 829 1142 877 itinere,
1163 842 1239 880 quo
1261 828 1450 866 Metellus

139 893 338 944 pergebat,
385 893 571 943 oppidum
618 893 893 942 Numidarum,
931 893 1087 930 nomine
1133 892 1258 942 Vaga,
1299 892 1449 930 ‘forum

139 970 269 994 rerum
288 956 483 995 venalium
513 957 634 994 totius
666 957 776 1007 regni
809 956 978 994 maxime
1009 956 1277 1005 celebratum;
1312 956 1380 994 ubi
1410 962 1450 993 et

141 1020 308 1058 incolere
329 1026 368 1062 et
387 1021 550 1058 mercari
570 1026 851 1060 consueverant
872 1021 1006 1058 Italici
1025 1021 1180 1070 generis
1206 1020 1323 1058 multi
1352 1033 1450 1058 mor—

142 1084 250 1122 tales.
307 1085 320 1102 *
334 1084 426 1122 Huc
446 1084 590 1134 consul,
604 1084 720 1122 simul
737 1084 916 1121 tentandi
935 1084 1077 1134 gratia,
1091 1090 1142 1134 et,
1158 1084 1191 1121 si
1211 1089 1450 1134 paterentur,

142 1148 432 1198 opportunitate
452 1149 526 1186 loci
547 1148 771 1198 praesidium
792 1148 978 1198 imposuit
996 1161 1003 1196 3
1034 1154 1222 1198 praeterea
1243 1148 1451 1198 imperavit

141 1212 379 1250 frumentum
400 1218 440 1250 et
459 1212 546 1259 alia,
558 1225 645 1263 quae
665 1212 766 1250 bello
782 1212 870 1249 usui
887 1213 1023 1262 forent,
1038 1218 1303 1262 comportare;
1326 1218 1450 1262 ratus,

141 1277 182 1315 id
201 1278 305 1329 quod
332 1291 394 1315 res
425 1277 620 1327 monebat,
641 1277 927 1328 ³frequentiam
959 1278 1248 1327 negotiatorum
1280 1282 1320 1315 et
1351 1290 1434 1314 com

141 1347 312 1379 meatum
327 1343 555 1391 juvaturum
583 1342 810 1389 exercitum,
832 1347 871 1378 et
896 1343 977 1390 jam
1007 1341 1155 1391 paratis
1183 1341 1299 1379 rebus
1327 1342 1450 1379 muni-

140 1410 272 1443 mento
290 1406 382 1444 fore.
442 1405 554 1443 Inter
574 1405 656 1443 haec
675 1405 834 1455 negotia
854 1405 883 1443 J
886 1405 1056 1455 ugurtha
1075 1405 1316 1455 ‘impensius
1332 1405 1447 1443 modo

140 1468 291 1519 legatos
309 1469 502 1519 supplices
521 1469 691 1514 mittere,
710 1481 843 1520 pacem
864 1482 987 1518 orare,
1003 1474 1146 1519 praeter
1173 1482 1281 1506 suam
1311 1469 1450 1507 libero·

140 1547 304 1585 rumque
335 1534 457 1571 vitam
492 1533 621 1571 omnia
655 1533 819 1571 Metello
854 1533 1007 1570 dedere.
1081 1532 1215 1578 “Quos
1250 1534 1356 1582 item,
1389 1533 1450 1570 uti

141 1598 299 1647 priores,
319 1597 454 1635 consul
474 1597 627 1634 illectos
646 1597 695 1633 ad
721 1597 981 1646 proditionem
1012 1597 1167 1634 domum
1199 1597 1447 1635 dimittebat:

142 1660 225 1710 regi
258 1673 402 1710 pacem,
430 1673 547 1710 quam
577 1660 812 1709 postulabat,
831 1672 956 1709 neque
987 1660 1156 1697 abunere
1187 1673 1311 1711 neque
1341 1660 1451 1710 polli-

143 1724 232 1773 ceri,
252 1730 292 1761 et
310 1724 414 1761 inter
433 1737 498 1761 eas
517 1736 644 1760 moras
664 1723 854 1772 promissa
874 1723 1091 1777 legatorum
1113 1730 1348 1773 exspectare.

222 1787 427 1826 XLVIII.
460 1787 661 1836 ‚Iugurtha
680 1787 748 1824 ubi
770 1787 924 1824 Metelli
954 1787 1060 1824 dicta
1089 1800 1175 1824 cum
1206 1788 1322 1825 factis
1351 1801 1450 1826 com-

142 1852 284 1903 posuit,
315 1864 359 1889 ac
391 1853 455 1889 ¹se
487 1851 567 1889 suis
598 1851 748 1888 artibus
779 1851 922 1888 tentari
958 1851 1260 1900 animadvertit,
1303 1852 1448 1902 quippe

143 1917 206 1954 cui
225 1916 354 1955 verbis
373 1929 448 1966 pax
468 1915 731 1963 nuntiabatur,
751 1920 924 1952 ceterum
955 1929 996 1952 re
1017 1915 1163 1952 bellum
1191 1916 1448 1966 asperrimum

143 1987 238 2031 erat,
258 1981 350 2019 urbs
385 1980 554 2018 maxima
585 1980 765 2028 alienata,
786 1991 878 2030 ager
910 1979 1087 2018 hostibus
1116 1981 1307 2030 cognitus,
1328 1982 1449 2019 animi

141 2046 386 2097 popularium
418 2045 586 2093 tentati,
628 2049 784 2082 coactus
813 2058 942 2082 rerum
976 2046 1276 2091 necessitudine,
1307 2047 1450 2084 statuit

135 2111 260 2148 *armis
280 2115 439 2147 certare.
499 2109 630 2158 Igitur
660 2107 861 2157 explorato
895 2109 1065 2147 hostium
1099 2109 1251 2159 itinere,
1272 2111 1311 2147 in
1341 2123 1448 2159 spem

141 2174 316 2213 vietoriae
336 2174 528 2212 adductus
549 2186 596 2210 ex
616 2172 906 2222 opportunitate
926 2173 1012 2222 loci,
1032 2187 1148 2224 quam
1177 2174 1367 2211 maximas
1386 2187 1449 2223 po-

143 2244 222 2276 test
241 2239 368 2288 copias
389 2238 560 2276 omnium
581 2250 765 2286 generum
786 2242 908 2286 parat,
927 2251 970 2275 ac
990 2251 1058 2288 per
1079 2239 1257 2276 tramites
1274 2238 1449 2275 occultos

144 2303 354 2340 exercitum
380 2302 535 2340 Metelli
555 2301 766 2339 antevenit.
811 2301 927 2340 ·Erat
957 2302 996 2339 in
1028 2315 1074 2340 ea
1103 2309 1214 2352 parte
1237 2302 1448 2353 Numidiae,

143 2379 258 2417 quam
294 2367 497 2404 Adherbal
532 2367 571 2403 in
606 2365 796 2403 divisione
826 2366 1061 2415 possederat,
1092 2367 1234 2403 fiumen
1270 2366 1398 2403 oriens
1426 2380 1448 2404 a

144 2429 318 2478 meridie,
336 2430 490 2468 nomine
512 2429 692 2478 Muthul,
724 2442 747 2465 a
774 2441 850 2479 quo
870 2429 1006 2467 aberat
1034 2442 1145 2467 mons
1173 2430 1294 2467 ferme
1322 2430 1448 2469 millia
