1526 2566
653 185 935 210 cArinina.
1403 177 1454 215 39

142 290 203 329 mi
221 289 410 329 invidiam
431 290 717 340 conflaverant3
747 302 871 341 usque
893 289 1000 340 adeo,
1020 294 1066 326 ut
1093 289 1274 327 nonnulli
1303 291 1457 342 equites

140 354 323 404 Romani,
343 355 410 406 qui
430 354 604 405 praesidii
631 367 746 392 causa
776 367 863 392 cum
894 354 986 391 telis
1015 358 1128 391 erant
1156 354 1303 391 circum
1331 356 1455 394 aedem

142 419 381 468 Concordiae,
401 432 470 457 seu
500 419 665 470 periculi
694 419 977 469 magnitudine,
997 431 1066 456 seu
1095 419 1216 455 animi
1245 419 1454 458 nobilitate

140 484 311 536 impulsi,
330 497 407 536 quo
428 484 603 522 studium
624 497 737 521 suum
758 483 798 520 in
826 496 910 521 rem
938 482 1138 534 publicam
1168 483 1313 521 clarius
1342 489 1457 534 esset,

140 548 358 600 egredienti
378 561 427 585 ex
448 553 586 585 senatu
608 546 754 586 Oaesari
774 547 906 598 gladio
928 547 1216 585 minitarentur.

221 613 265 651 L.
297 613 400 651 Dum
422 613 503 651 haec
524 613 564 650 in
585 618 724 650 senatu
744 602 925 663 aguntur,
945 617 986 650 et
1005 612 1099 650 dum
1114 612 1258 662 legatis
1273 612 1456 651 Allobro—

140 690 234 728 gum
253 682 295 715 et
315 677 408 715 Tito
430 677 650 727 Volturcio,
671 677 921 727 comprobato
951 690 1085 714 eorum
1114 677 1272 727 indicio,
1292 677 1455 727 praemia

141 741 429 791 decernuntur5
468 741 627 779 ¹liberti
657 746 697 778 et
726 741 841 791 pauci
872 754 920 778 ex
952 741 1165 789 clientibus
1200 741 1364 779 Lentuli
1400 742 1442 779 di

138 806 264 845 versis
300 805 509 844 itineribus
542 805 699 855 opifices
730 811 847 856 atque
879 805 1040 843 servitia
1071 806 1111 843 in
1141 806 1239 844 vicis
1277 806 1327 843 ad
1365 819 1450 850 eum

140 869 388 920 eripiundum
407 869 698 919 sollicitabant,
729 870 874 920 partim
895 870 1156 921 exquirebant
1177 870 1295 908 duces
1321 870 1452 908 multi-

140 926 334 984 tudimffi„
371 933 442 986 qui
476 934 603 984 pretio
640 947 721 971 rem
761 934 958 984 publicam
995 947 1138 974 vexare
1177 935 1284 972 soliti
1329 941 1451 973 erant.

143 997 342 1049 Cethegus
361 1005 491 1037 autem
512 1013 580 1049 per
598 999 757 1037 nuntios
780 1000 798 1043 ²,
808 999 999 1037 familiam
1021 1006 1138 1051 atque
1160 1000 1324 1038 libertos
1353 1014 1453 1051 suos,

141 1062 262 1100 lectos
292 1068 332 1100 et
361 1063 666 1102 exercitatos-in
696 1064 910 1113 audaciam,
939 1064 1087 1114 orabat,
1115 1070 1171 1113 ut,
1190 1078 1308 1115 grege
1337 1065 1453 1115 facto,

142 1139 230 1165 cum
250 1126 341 1164 telis
360 1127 409 1164 ad
429 1140 512 1164 sese
533 1114 803 1177 irrumperent.
863 1127 1020 1178 Consul,
1040 1129 1108 1166 ubi
1137 1142 1182 1166 ea
1210 1129 1340 1179 parari
1369 1142 1454 1179 cog-

141 1191 262 1240 novit,
293 1191 494 1241 dispositis
522 1192 727 1242 praesidiis,
755 1197 800 1229 ut
829 1205 891 1230 res
923 1198 1040 1243 atque
1073 1198 1227 1243 tempus
1256 1194 1453 1244 monebat,

138 1261 347 1294 convocato
368 1263 517 1306 senatu,
539 1257 550 1274 ³
564 1257 694 1306 refert,
715 1257 830 1308 ‘quid
852 1258 900 1295 de
931 1258 992 1295 his
1023 1259 1106 1295 fieri
1133 1259 1296 1309 placeat,
1316 1259 1384 1310 qui
1411 1259 1453 1297 in

138 1319 356 1358 custodiam
394 1321 532 1358 traditi
571 1323 705 1358 erant.'
763 1321 842 1360 Sed
880 1334 945 1359 eos
982 1322 1099 1372 paulo
1138 1328 1230 1360 ante
1267 1323 1452 1374 frequens

137 1390 295 1422 senatus
314 1384 584 1434 ⁴judicaverat
603 1386 763 1421 ‘contra
791 1397 873 1422 rem
902 1385 1098 1435 publicam
1130 1386 1290 1423 fecisse.'
1348 1386 1451 1423 Tum

138 1447 184 1486 D.
221 1447 368 1486 Junius
403 1447 572 1498 Silanus,
591 1449 740 1498 primus
775 1448 1035 1486 ‘'sententiam
1070 1455 1242 1499 rogatus,
1271 1449 1376 1500 quod
1405 1462 1450 1487 eo

137 1516 309 1562 tempore
342 1512 477 1550 consul
510 1512 739 1563 designatus
773 1518 868 1562 erat,
899 1513 946 1550 de
981 1513 1053 1562 his,
1083 1513 1151 1564 qui
1186 1514 1226 1550 in
1260 1514 1451 1551 custodiis

137 1577 382 1627 tenebantur,
409 1583 599 1628 praeterea
626 1578 673 1615 de
705 1578 747 1615 L.
782 1578 928 1627 Cassio,
951 1578 993 1615 P.
1018 1578 1148 1628 Furio,
1170 1579 1213 1616 P.
1238 1579 1450 1628 Umbreno,

137 1640 182 1686 Q.
206 1641 350 1691 Annio,
370 1642 403 1679 si
434 1642 665 1692 deprehensi
695 1643 835 1691 forent,
862 1642 1095 1692 supplicium
1128 1643 1360 1681 sumendum
1389 1643 1452 1681 de·

137 1711 332 1743 creverat:
381 1706 491 1757 isque
537 1712 683 1756 postea,
720 1712 920 1756 permotus
969 1708 1145 1745 oratione
1176 1707 1226 1746 C.
1271 1707 1450 1759 Caesaris,

138 1770 327 1820 ‘pedibus
357 1770 398 1807 in
429 1771 663 1808 sententiam
697 1771 782 1809 Tib.
815 1771 984 1809 Neronis
1015 1773 1163 1810 iturum
1195 1786 1235 1811 se
1267 1773 1446 1823 dixerat3

136 1834 240 1886 quod
278 1834 325 1872 de
365 1847 410 1872 ea
446 1847 500 1884 re,
526 1835 718 1885 praesidiis
758 1835 916 1883 additis,
944 1837 1192 1874 referendum
1231 1843 1446 1876 censuerat.

137 1897 215 1937 Sed
238 1896 379 1947 Caesar,
397 1897 465 1936 ubi
491 1898 540 1935 ad
571 1911 658 1935 eum
690 1904 850 1936 ventum
881 1905 951 1949 est,
972 1905 1131 1950 rogatus
1161 1901 1397 1939 sententiam
1427 1915 1450 1939 a

62 1960 71 1965 ‘¹
84 1966 117 2002 ³}
136 1962 303 2012 consule,
324 1963 334 1980 ⁷
349 1962 617 2012 hujuscemodi
637 1963 755 2001 verba
775 1963 928 2001 locutus
948 1969 1018 2001 est.

215 2026 284 2064 LI.
316 2028 335 2046 “
355 2025 503 2066 Omnes
522 2027 709 2077 homines,
731 2029 740 2045 ¹
754 2034 886 2078 patres
914 2028 1136 2078 conscripti,
1155 2029 1224 2080 qui
1253 2029 1300 2067 de
1330 2029 1448 2068 rebus

136 2091 265 2131 dubiis
285 2091 521 2141 consultant,
541 2091 589 2130 ab
618 2092 718 2141 odio,
739 2093 923 2142 amicitia,
944 2094 1002 2130 ira
1031 2099 1148 2144 atque
1178 2094 1447 2131 misericordia

134 2169 274 2195 vacuos
305 2169 388 2194 esse
419 2156 540 2194 decet.
601 2157 721 2194 Haud
751 2158 866 2200 facile
899 2158 1053 2196 animus
1086 2171 1220 2197 verum
1255 2158 1447 2208 providet,

134 2289 175 2323 et
192 2285 281 2323 usui
299 2285 439 2336 paruit.
498 2286 510 2304 ⁸
525 2286 605 2324 Ubi
633 2286 845 2324 intenderis
874 2287 1085 2337 ingenium,
1105 2287 1211 2323 valet
1229 2300 1235 2334 3
1268 2287 1301 2323 si
1322 2287 1445 2325 libido

134 2349 319 2400 possidet,
347 2363 392 2388 ea
424 2350 659 2400 dominatur,
689 2351 839 2389 animus
869 2352 968 2388 nihil
1000 2352 1113 2388 valet.
1175 2351 1320 2401 Magna
1349 2352 1445 2390 mihi

135 2413 246 2465 copia
277 2419 338 2453 est
369 2415 623 2465 memorandi,
653 2421 785 2466 patres
816 2416 1037 2466 conscripti,
1067 2415 1135 2466 qui
1174 2428 1286 2466 reges
1324 2421 1443 2469 atque
