1586 2586
609 172 894 198 cA‘rlLINA.
1361 164 1412 201 33

94 289 231 316 eorum
260 275 418 315 arrexit.
476 274 621 322 ⁴Quod
651 276 685 314 si
715 276 842 327 primo
873 275 1010 327 proelio
1034 275 1208 315 Catilina
1233 278 1412 327 superior

17 345 42 378 αξ.
92 345 163 379 aut
178 353 292 392 aequa
321 353 440 377 mauu
471 340 727 390 discessisset,
748 340 922 390 profecto
956 353 1098 389 magna
1129 340 1260 377 clades
1292 348 1410 391 atque

91 405 294 444 calamitas
314 419 395 443 rem
417 405 613 455 publicam
634 405 914 455 oppressisset,
942 418 1067 456 neque
1090 405 1182 454 illis,
1203 406 1270 456 qui
1291 405 1410 442 victo-

90 469 188 508 riam
209 470 342 520 adepti
361 470 502 518 forent,
523 469 673 506 diutius
694 482 739 506 ea
769 469 829 506 uti
858 469 1046 518 licuisset,
1067 469 1161 520 quin
1184 469 1348 507 defessis
1369 475 1409 506 et

90 534 364 584 exsanguibus,
395 533 463 584 qui
493 534 582 584 plus
610 539 752 583 posset,
786 533 993 583 imperium
1029 539 1146 584 atque
1181 533 1408 571 libertatem

91 603 350 650 extorqueret.
395 598 521 636 Fuere
543 603 675 635 tamen
696 598 708 616 ⁶
721 603 833 635 extra
849 598 1159 648 conjurationem
1176 597 1407 648 complures,

89 663 158 714 qui
188 663 238 700 ad
262 662 475 702 Catilinam
511 662 624 700 initio
655 662 823 712 profecti
851 668 963 700 sunt:
994 662 1035 699 in
1055 662 1116 700 his
1137 668 1222 699 erat
1243 663 1291 699 A.
1316 662 1407 699 Ful·

87 726 186 776 vius,
217 727 409 764 senatoris
442 727 556 775 filius,
578 739 693 777 quem
725 731 939 764 retractum
972 739 1020 763 ex
1056 726 1197 763 itinere
1241 727 1406 776 ⁶parens

89 791 219 828 necari
246 791 374 840 jussit.
445 790 593 828 Iisdem
626 790 867 840 temporibus
888 790 1027 827 Romae
1060 790 1266 836 Lentulus,
1287 790 1404 828 sicuti

91 853 266 894 Catilina
298 860 548 905 praeceperat,
593 855 603 872 ⁷
618 867 884 905 quoscumque
929 854 1102 891 moribus
1142 860 1209 891 aut
1250 854 1405 891 fort-una

89 919 198 958 novis
217 919 332 957 rebus
362 919 521 956 idoneos
541 919 736 967 credebat,
757 925 825 956 aut
854 932 923 969 per
953 932 993 956 se
1024 925 1092 956 aut
1122 932 1190 968 per
1212 918 1310 956 alios
1332 918 1404 956 sol-

89 981 293 1032 licitabat3
337 995 463 1034 neque
497 983 623 1020 solum
658 983 774 1032 cives,
808 983 876 1020 sed
913 985 1102 1034 cujusque
1137 983 1244 1020 modi
1278 996 1403 1033 genus

90 1043 301 1094 hominum,
320 1046 424 1096 quod
445 1046 558 1083 modo
579 1046 683 1084 bello
703 1047 791 1084 usuj
811 1047 922 1084 foret.

169 1108 257 1147 XL.
292 1109 421 1160 Igitur
443 1110 486 1147 P.
510 1109 712 1148 Umbreno
732 1110 888 1147 cuidam
910 1110 1113 1159 negotium
1135 1109 1214 1158 dat,
1245 1111 1254 1127 ¹
1269 1110 1329 1147 uti
1349 1109 1400 1147 le-

87 1179 200 1223 gatos
231 1174 490 1224 Allobrogum
522 1175 708 1226 requirat,
740 1188 893 1226 eosque,
913 1175 946 1212 si
978 1175 1113 1225 possit,
1145 1174 1323 1224 impellat
1351 1175 1402 1212 ad

86 1238 314 1278 societatem
335 1239 451 1288 belli;
474 1239 704 1276 existimans
723 1239 878 1289 publice
898 1239 1160 1289 privatimque
1179 1252 1255 1276 aere
1273 1239 1400 1276 alieno

85 1316 297 1354 oppressos,
329 1300 531 1354 praeterea,
567 1304 671 1355 quod
710 1310 852 1341 natura
889 1317 985 1354 gens
1004 1303 1173 1342 -Gallica
1211 1303 1400 1342 bellicosa

85 1374 198 1418 esset,
213 1369 329 1406 facile
350 1382 416 1406 eos
437 1369 486 1406 ad
506 1368 586 1406 tale
607 1369 813 1406 consilium
834 1369 987 1424 adduci·
995 1382 1116 1419 posse.
1163 1369 1399 1418 Umbrenus,

83 1433 188 1485 quod
217 1433 257 1470 in
278 1432 412 1488 Gallia
439 1433 452 1450 ²
465 1433 691 1483 negotiatus
711 1438 807 1483 erat,
826 1432 1024 1484 plerisque
1045 1433 1287 1483 principibus
1307 1433 1398 1470 civi-

82 1498 224 1536 tatium
241 1503 357 1536 notus
377 1503 473 1548 erat,
493 1503 611 1549 atque
633 1511 698 1536 eos
718 1504 901 1536 noverat:
933 1498 1066 1549 itaque
1086 1499 1169 1536 sine
1190 1511 1308 1547 mora,
1328 1498 1397 1536 ubi

0 2500 9 2518 s
26 2474 79 2517 *J

82 1565 251 1616 primum
277 1565 429 1615 legatos
461 1565 500 1601 in
531 1565 615 1602 foro
636 1564 851 1614 conspexit,
880 1564 892 1582 ⁸
909 1569 1163 1614 percontatus
1195 1576 1319 1614 pauca
1348 1563 1396 1601 de

83 1634 192 1667 statu
211 1629 399 1678 civitatis,
420 1634 460 1666 et
479 1628 593 1680 quasi
614 1628 750 1666 dolens
770 1629 856 1678 ejus
885 1641 1029 1677 casum,
1049 1628 1247 1678 requirere
1268 1627 1397 1677 coepit,

82 1694 220 1745 ‘quem
254 1694 404 1731 exitum
437 1691 561 1731 tantis
593 1693 708 1730 malis
742 1699 945 1743 sperarent
956 1694 983 1730 2’
1040 1693 1256 1744 Postquam
1276 1692 1396 1730 ‘illos

81 1758 191 1798 videt
224 1758 337 1811 queri
370 1758 418 1796 de
452 1758 620 1796 avaritia
654 1758 971 1808 magistratuum,
991 1770 1173 1795 accusare
1204 1762 1395 1807 senatum,

81 1823 185 1876 quod
206 1824 246 1861 in
266 1836 312 1862 eo
332 1823 472 1861 auxilii
490 1823 591 1860 nihil
612 1828 736 1873 esset3
770 1823 939 1861 miseriis
959 1823 1040 1860 suis
1060 1822 1275 1860 remedium
1297 1835 1394 1860 mor-

80 1892 161 1926 tem
191 1893 441 1938 exspectare:
483 1887 503 1908 ‘⁴
517 1888 576 1925 At
609 1889 714 1938 ego,'⁷
744 1887 885 1938 inquit,
927 1888 946 1908 ‘²
962 1887 1085 1938 vobis,
1105 1887 1139 1925 si
1172 1887 1287 1925 modo
1318 1887 1393 1925 viri

44 1955 164 1990 'esse
183 1951 318 2000 vultis,
337 1951 543 2001 rationem,
564 1951 779 2001 ostendam,
799 1965 877 2003 qua
897 1956 1008 1988 tanta
1036 1951 1114 1989 ista
1134 1951 1239 1989 mala
1259 1950 1394 2001 effugi-

79 2016 188 2055 atis.'’
251 2016 351 2055 Haec
372 2015 452 2070 vubi
487 2015 601 2066 dixit,
621 2016 858 2067 Allobroges
888 2017 928 2054 in
963 2017 1175 2054 maximam
1200 2030 1307 2067 spem
1328 2017 1393 2054 ad-

89 2079 190 2118 {uoti
221 2080 466 2120 Umbrenum
496 2093 618 2130 orare,
647 2085 693 2118 ut
738 2081 799 2119 sui
831 2081 1109 2119 misereretur:
1155 2080 1282 2118 ‘nihil
1310 2085 1391 2117 tam

79 2158 258 2197 asperum
291 2159 418 2199 neque
451 2152 533 2184 tam
568 2146 722 2184 difficile
749 2160 856 2198 esse,
887 2147 993 2198 quod
1025 2160 1103 2184 non
1137 2145 1390 2197 cupidissime

78 2210 222 2249 facturi
242 2216 384 2262 essent,
403 2211 498 2249 dum
518 2224 564 2249 ea
583 2224 645 2249 res
674 2211 875 2250 civitatem
906 2225 983 2250 aere
1013 2212 1142 2249 alieno
1179 2211 1389 2248 liberaret.'

80 2274 157 2315 Ille
177 2289 242 2314 eos
261 2276 302 2314 in
322 2276 480 2314 domum
502 2276 573 2314 ⁵D.
598 2276 715 2314 Bruti
741 2277 931 2328 perducit,
946 2277 1050 2328 quod
1070 2277 1154 2314 foro
1173 2275 1390 2326 propinqua

76 2345 175 2390 crat,
193 2354 318 2393 neque
348 2341 476 2379 aliena
496 2342 661 2393 consilii,
680 2347 838 2393 propter
869 2342 1160 2392 Semproniam;
1192 2353 1282 2378 nam
1302 2346 1385 2379 tum

80 2401 230 2444 Brutus
259 2405 308 2444 ab
339 2406 468 2445 Roma
501 2406 647 2445 aberat.
706 2407 906 2446 Praeterea
942 2407 953 2424 ⁶
968 2405 1182 2444 Gabinium
1213 2404 1388 2455 arcessit,

291 2470 339 2508 20
