1656 2606
214 167 264 204 50
559 178 602 203 ο.
651 179 832 204 0R1sr1
878 181 1151 207 SALLusrn

214 279 330 318 'forti
347 283 463 331 atque
482 285 616 330 parato
645 281 771 319 animo
799 282 896 331 sitis,
916 287 965 331 et,
984 296 1100 332 quum
1129 282 1304 332 proelium
1332 283 1494 334 inibitis,

212 343 466 380 memineritis
485 357 551 381 vos
571 344 738 392 divitias,
752 345 876 393 decus,
889 345 1062 394 gloriam,
1074 339 1259 394 p‘raeterea
1274 346 1493 384 libertatem

211 412 325 456 atque
345 407 509 455 patriam
529 406 569 443 in
588 407 735 445 dextris
754 409 892 445 vestris
918 414 1080 457 portare.
1138 409 1180 446 Si
1199 409 1400 459 vincimus,
1419 423 1494 447 om-

210 469 274 506 nia
306 470 414 507 nobis
445 475 530 507 tuta
560 476 683 519 erunt,
715 471 974 507 ⁸commeatus
1004 471 1166 519 abunde,
1193 472 1350 510 coloniae
1377 477 1492 523 atque

210 533 417 583 municipia
444 534 654 583 patebunt:
691 535 749 571 sin
778 540 884 571 metu
913 536 1148 583 cesserimus,
1174 536 1306 572 eadem
1335 535 1404 573 illa
1430 536 1492 573 ad-

210 610 318 635 versa
355 599 467 635 fient:
511 612 632 648 neque
667 599 772 636 locus
805 612 929 649 neque
959 600 1104 636 amicus
1137 599 1338 649 quisquam
1376 605 1492 650 teget,

209 675 319 712 quem
355 675 459 698 arma
491 676 566 699 non
598 664 775 700 texerint.
834 663 1040 712 Praeterea,
1070 663 1225 711 milites,
1254 676 1330 700 non
1359 663 1493 700 eadem

207 726 318 763 nobis
349 731 387 763 et
417 726 494 763 illis
524 727 764 764 necessitudo
797 727 1016 776 impendet:
1057 741 1125 764 nos
1156 740 1224 777 pro
1257 727 1394 776 patria,
1422 739 1491 776 pro

207 789 399 838 libertate,
419 802 486 839 pro
515 789 595 827 vita
626 795 839 827 certamus:
877 790 954 827 illis
986 803 1307 839 supervacaneum
1339 794 1397 827 est
1423 802 1491 839 pro

206 852 380 902 potentia
412 865 618 902 paucorum
651 866 830 902 pugnare.
889 852 972 897 Quo
1011 853 1194 889 audacius
1227 852 1491 901 aggredimini,

206 927 394 952 memores
412 915 586 964 pristinae
603 916 770 953 virtutis.
829 915 959 952 Licuit
979 916 1086 953 vobis
1106 928 1191 952 cum
1212 928 1359 952 summa
1374 905 1490 964 turpi-

207 978 340 1014 tudine
361 978 400 1014 in
420 978 556 1015 exsilio
575 983 730 1015 aetatem
760 991 871 1027 agere
889 992 896 1026 3
927 980 938 996 ⁹
952 978 1132 1027 potuistis
1151 977 1324 1014 nonnulli
1345 977 1491 1026 Romae,

206 1042 356 1079 amissis
375 1042 495 1090 bonis,
515 1042 659 1078 alienas
679 1055 768 1090 opes
788 1047 1008 1091 exspectare
1025 1055 1031 1078 1
1059 1042 1149 1091 quia
1169 1041 1237 1077 illa
1255 1040 1355 1078 foeda
1375 1045 1490 1090 atque

205 1105 446 1142 intoleranda
464 1106 558 1142 viris
577 1105 817 1153 videbantur,
837 1105 917 1142 haec
937 1105 1044 1155 sequi
1065 1104 1297 1142 decrevistis.
1355 1103 1397 1142 Si
1409 1103 1490 1141 haec

205 1167 422 1218 relinquere
442 1168 572 1215 vultis,
592 1168 752 1204 audacia
781 1180 874 1217 opus
894 1173 975 1204 est:
1009 1180 1119 1204 nemo
1147 1167 1221 1204 nisi
1248 1167 1370 1204 victor
1397 1179 1488 1215 pace

205 1230 351 1268 bellum
389 1230 562 1266 mutavit⁴
632 1230 733 1266 Nam
770 1230 809 1265 in
846 1229 938 1278 fuga
974 1229 1137 1266 salutem
1176 1241 1338 1277 sperare,
1371 1241 1487 1278 quum

205 1306 320 1340 arma,
343 1294 468 1342 ¹⁰quis
496 1305 631 1341 corpus
659 1292 815 1340 tegitur,
835 1292 883 1329 ab
911 1292 1086 1328 hostibus
1113 1291 1307 1339 averteris,
1327 1304 1371 1327 ea
1397 1304 1487 1329 vero

205 1354 398 1391 dementia
417 1358 484 1391 est.
543 1353 701 1402 Semper
720 1353 758 1390 in
777 1353 910 1402 proelio
939 1353 986 1390 iis
1016 1353 1225 1389 maximum
1257 1358 1315 1389 est
1343 1353 1488 1402 pericu-

205 1417 293 1453 lum.
307 1417 372 1467 qui
392 1417 558 1453 maxime
578 1416 716 1452 timent
734 1429 740 1464 3
764 1416 922 1452 audacia
940 1429 1008 1464 pro
1021 1428 1127 1452 muro
1147 1415 1318 1453 habetur.
1360 1414 1486 1460 Quum

206 1493 268 1516 vm·
299 1480 507 1527 considero,
526 1480 681 1528 milites,
702 1485 740 1516 et
759 1493 875 1530 quum
896 1479 998 1516 facta
1017 1484 1144 1516 vestra
1171 1478 1329 1527 aestimo,
1349 1491 1487 1528 magna

203 1556 264 1580 me
291 1556 376 1592 spes
403 1543 576 1580 victoriae
603 1548 719 1579 tenet.
776 1542 952 1590 Animus,
971 1547 1075 1591 aetas,
1093 1541 1216 1579 virtus
1241 1546 1368 1579 vestra
1387 1542 1412 1560 ²¹
1426 1554 1486 1579 me

203 1607 418 1655 hortantur,
436 1611 622 1655 praeterea
649 1605 902 1653 necessitudo,
927 1618 1013 1655 quae
1041 1605 1156 1641 etiam
1185 1604 1340 1641 timidos
1366 1603 1487 1643 fortes

203 1671 306 1707 facit.
364 1670 465 1707 Nam
485 1670 693 1707 multitudo
713 1669 882 1707 hostium
901 1682 948 1706 ne
969 1668 1241 1706 circumvenire
1259 1672 1386 1718 queat,
1405 1680 1487 1717 pro-

203 1733 338 1771 hibent
358 1733 545 1782 angustiae
564 1732 647 1769 loci.
707 1731 818 1777 Quod
839 1732 871 1770 si
890 1731 1028 1769 virtuti
1048 1736 1186 1769 vestrae
1213 1731 1366 1768 fortuna
1393 1729 1487 1767 invi-

203 1797 316 1845 derit,
336 1797 361 1814 ¹²
375 1802 517 1844 cavete,
544 1796 660 1832 inulti
688 1796 853 1832 animam
883 1795 1097 1843 amittatis3
1127 1807 1202 1831 neu
1230 1793 1331 1843 capti
1358 1793 1486 1843 potius

203 1859 318 1896 sicuti
347 1871 483 1908 pecora
511 1859 767 1908 trucidemini,
787 1871 901 1908 quam
930 1858 1098 1895 virorum
1128 1870 1232 1894 more
1259 1860 1485 1906 pugnantes,

203 1927 398 1959 cruentam
419 1927 534 1973 atque
555 1922 768 1959 luctuosam
798 1921 999 1959 victoriam
1019 1921 1193 1959 hostibus
1217 1919 1482 1975 rel'fliquatisff’

282 1986 390 2023 LIX.
433 1986 530 2023 Haec
566 1986 634 2024 ubi
672 1985 783 2035 dixit,
815 1985 1014 2035 paululum
1051 1988 1317 2031 commoratus,
1351 1981 1484 2031 ¹signa

202 2062 336 2086 canere
352 2049 476 2098 jubet,
496 2055 610 2100 atque
630 2050 838 2087 instructos
858 2050 1011 2087 ordines
1031 2049 1070 2085 in
1098 2048 1222 2085 locum
1251 2058 1402 2096 aequum
1421 2044 1483 2082 de-

203 2111 318 2149 ducit.
376 2112 486 2160 Dein,
514 2113 672 2149 remotis
700 2113 870 2149 omnium
903 2111 1022 2161 equis,
1051 2123 1125 2160 quo
1157 2107 1357 2156 militibus,
1387 2119 1482 2144 exae-

201 2179 318 2225 quato
333 2174 514 2224 periculo,
533 2175 682 2212 animus
702 2175 863 2225 amplior
888 2179 999 2223 esset,
1019 2174 1098 2223 ipse
1126 2171 1242 2222 pedes
1269 2170 1480 2207 exercitum

201 2250 269 2286 pro
289 2238 371 2275 loco
387 2242 500 2288 atque
520 2238 638 2288 copiis
658 2238 825 2275 instruit.
884 2236 1066 2285 Nam,uti
1086 2234 1264 2285 planities
1284 2237 1366 2271 erat
1380 2232 1480 2270 inter

202 2300 376 2338 sinistros
402 2307 561 2350 montes,
580 2306 620 2338 et
639 2301 711 2339 ²ab
742 2302 878 2338 dextra
906 2313 998 2350 rupe
1026 2311 1170 2348 aspera,
1190 2302 1275 2334 octo
1304 2295 1481 2334 cohortes

201 2363 242 2402 in
273 2364 399 2403 fronte
429 2365 641 2415 constituit,
660 2365 894 2415 reliquarum
926 2365 1034 2414 signa
1065 2362 1105 2400 in
1135 2360 1306 2399 subsidio
1336 2359 1479 2398 arctius
