1586 2586
643 190 926 222 ernnust.
1391 180 1443 219 27

31 311 35 329 «¹
101 287 104 291 .
123 294 273 338 ‘Curius
290 295 360 336 ubi
379 297 393 316 ¹
405 295 617 347 intellegit,
631 300 822 348 quantum
841 294 1007 346 periculi
1027 293 1177 333 consuli
1206 294 1442 346 impendeat,

23 375 26 378 ·
59 367 91 395 ’Φ
124 374 286 413 propere
298 374 367 412 per
382 361 562 399 Fulviam
579 359 757 400 Ciceroni
774 359 919 409 dolum,
932 359 999 410 qui
1011 359 1235 409 parabatur,
1249 360 1437 397 enuntiat.

86 445 90 447 *
126 424 193 464 Ita
211 425 224 443 ¹
237 425 309 474 illi,
321 426 443 475 janua
457 424 659 475 prohibiti,
672 429 826 461 tantum
847 423 999 460 facinus
1014 423 1161 459 frustra
1178 427 1437 472 susceperant.

125 489 285 528 Interea
319 489 494 527 Manlius
532 489 571 526 in
612 487 774 526 Etruria
810 487 965 538 plebem
1004 486 1230 535 sollicitare,
1265 490 1440 536 egestate

126 553 242 592 simul
275 566 319 590 ac
354 552 487 590 dolore
521 552 677 602 injuriae
710 553 923 590 ⁴novarum
956 563 1086 588 rerum
1123 549 1317 600 cupida'm,
1335 549 1440 601 quod

127 617 248 659 Sullae
281 617 546 655 dominatione
581 629 693 666 agros
726 616 903 667 bonaque
936 615 1067 652 omnia
1100 614 1307 663 amiserat;
1346 627 1441 664 prae-

12 671 26 683 ’ὁ
70 722 71 725 Ἰ
125 686 232 719 terea
269 681 440 719 latrones
479 682 667 731 cujusque
704 680 870 730 generis,
906 692 1071 730 quorum
1111 678 1152 715 in
1195 691 1241 715 ea
1282 677 1440 728 regione

124 758 264 796 magna
292 746 402 795 copia
435 750 543 794 erat;
583 744 790 782 nonnullos
824 757 872 782 ex
906 743 1080 782 Sullanis
1114 742 1274 791 colonis,
1296 741 1440 794 quibus

124 809 248 848 libido
281 815 398 862 atque
429 809 586 846 luxuria
617 822 665 846 ex
699 809 850 858 magnis
881 807 1028 858 rapinis
1065 806 1167 843 nihil
1207 805 1350 858 reliqui
1387 805 1439 843 fe-

125 879 268 912 cerant.

205 937 364 975 XXIX.
397 936 457 975 Ea
473 950 593 988 quum
617 935 795 975 Ciceroni
815 935 1105 984 nuntiarentur,
1127 935 1136 952 ¹
1152 934 1314 984 ancipiti
1335 933 1438 972 malo

125 1006 335 1051 permotus,
354 1001 458 1052 quod
491 1013 616 1051 neque
648 1000 784 1038 urbem
819 1000 868 1038 ab
902 999 1056 1036 insidiis
1089 999 1242 1049 privato
1277 999 1439 1037 consilio

126 1063 280 1114 longius
307 1064 411 1102 tueri
440 1069 606 1114 poterat,
624 1077 749 1115 neque
780 1064 976 1101 exercitus
1005 1063 1146 1100 Manlii
1174 1068 1344 1114 quantus
1370 1067 1439 1100 aut

125 1142 202 1180 quo
218 1129 378 1167 consilio
394 1130 506 1178 foret,
523 1129 619 1166 satis
635 1133 874 1178 compertum
892 1128 1072 1175 habebat,
1088 1141 1169 1165 rem
1190 1128 1239 1165 ad
1260 1133 1438 1166 senatum

125 1195 256 1244 refert,
264 1195 346 1244 jam
362 1200 477 1231 antea
489 1194 597 1244 vulgi
613 1194 833 1232 rumoribus
847 1196 1096 1243 exagitatam.
1140 1193 1294 1245 Itaque,
1308 1194 1321 1212 ²³
1334 1193 1439 1244 quod

125 1257 351 1309 plerumque
372 1258 411 1295 in
431 1258 554 1296 atroci
574 1259 730 1308 negotio
752 1258 862 1305 solet,
883 1263 1042 1295 senatus
1070 1258 1256 1308 decrevit,
1276 1261 1285 1278 ⁶
1299 1258 1439 1295 darent

124 1333 279 1372 operam
313 1321 501 1371 eonsules,
529 1335 577 1359 ne
611 1322 706 1372 quid
739 1335 801 1359 res
830 1321 988 1372 publica
1008 1322 1238 1358 detrimenti
1258 1323 1436 1372 caperet.’

124 1385 137 1403 ¹
150 1385 211 1423 Ea
229 1390 402 1436 potestas
420 1398 489 1435 per
509 1391 699 1433 senatum,
719 1398 826 1423 more
848 1386 1038 1433 Romano,
1051 1385 1301 1435 magistratui
1317 1385 1438 1423 maxi-

123 1462 186 1487 ma
215 1449 469 1500 permittitur,
489 1449 704 1486 exercitum
733 1449 1051 1499 pararavbollum
1081 1462 1228 1499 gerere,
1257 1462 1435 1487 coercere

123 1514 302 1553 omnibus
321 1515 447 1552 modis
467 1515 590 1552 socios
614 1519 731 1565 atque
761 1515 875 1563 cives,
897 1515 1002 1552 domi
1031 1514 1263 1565 militiaeque
1293 1515 1304 1532 ⁴
1320 1515 1437 1564 impe-

122 1579 223 1617 rium
251 1584 368 1630 atque
393 1579 585 1629 judicium
615 1592 809 1616 summum
839 1579 1008 1628 habere,
1044 1579 1161 1616 aliter
1191 1579 1275 1617 sine
1302 1579 1438 1630 populi

118 1644 232 1693 jussu
250 1642 350 1680 nulli
370 1655 502 1680 earum
518 1655 649 1680 rerum
670 1643 819 1679 consuli
836 1644 901 1692 jus
922 1648 990 1679 est.

202 1705 338 1744 XXX.
370 1705 468 1744 Post
497 1719 639 1756 paucos
670 1706 754 1743 dies
786 1706 829 1743 L.
861 1706 1012 1744 Saenius
1044 1711 1201 1743 senator
1229 1706 1269 1743 in
1298 1711 1438 1745 senatu

122 1770 278 1808 litteras
317 1769 534 1818 ¹recitavit,
564 1783 660 1821 quas
700 1770 866 1808 Faesulis
904 1770 1044 1807 allatas
1083 1770 1157 1808 sibi
1196 1769 1363 1819 dicebat,
1395 1770 1437 1808 in

121 1834 264 1886 quibus
283 1833 470 1884 seriptum
490 1834 598 1871 erat‘
617 1832 657 1872 C.
682 1833 875 1871 Manlium
897 1847 1004 1871 arma
1020 1834 1167 1884 cepisse
1188 1847 1274 1871 eum
1295 1847 1437 1884 magna

121 1898 389 1947 multitudine,
427 1903 517 1935 ante
565 1897 668 1935 diem
716 1903 871 1935 sextum
917 1898 1120 1936 Kalendas
1168 1898 1205 1936 N
1209 1894 1440 1937 ovembre'sf

122 1961 260 2010 Simul,
280 1961 320 1999 id
341 1961 445 2013 quod
465 1962 504 1998 in
525 1961 597 1998 tali
616 1974 657 1999 re
679 1961 789 2011 solet,
809 1962 878 1999 alii
898 1967 1080 2012 portenta
1109 1967 1226 2013 atque
1255 1963 1436 2013 prodigia

120 2025 368 2075 nuntiabant,
387 2025 457 2063 alii
476 2026 710 2063 ‘conventus
730 2026 825 2075 fieri,
846 2040 954 2064 arma
972 2027 1132 2077 portari,
1150 2026 1296 2077 Capuae
1316 2033 1434 2078 atque

120 2089 161 2127 in
189 2089 338 2140 Apulia.
365 2089 505 2127 servile
534 2089 682 2127 bellum
711 2091 882 2128 moveri.’
940 2091 1072 2141 Igitur
1091 2092 1247 2129 ²senati
1277 2092 1434 2129 decreto

122 2151 166 2199 Q.
190 2153 364 2193 Marcius
385 2153 474 2192 Rex
495 2153 681 2204 Faesulas,
702 2153 746 2201 Q.
771 2155 959 2202 Metellus
982 2155 1162 2194 Creticus
1182 2156 1222 2193 in
1245 2156 1433 2206 Apuliam

120 2217 342 2270 circumque
363 2231 408 2256 ea
427 2218 512 2256 loca
531 2218 641 2255 missi
658 2232 664 2256 :
695 2219 736 2256 hi
755 2220 911 2271 utrique
934 2221 944 2238 ³
959 2220 1008 2258 ad
1024 2220 1161 2258 urbem
1179 2220 1434 2269 imperatores

121 2287 242 2332 erant,
261 2283 452 2334 impediti,
471 2295 519 2320 ne
549 2282 848 2334 triumpharent,
877 2284 1072 2332 calumnia
1100 2297 1323 2334 paucorum,
1350 2284 1432 2335 qui-

121 2343 194 2383 bus
213 2346 341 2384 omnia
361 2346 524 2384 honesta
544 2351 661 2397 atque
683 2346 888 2385 inhonesta
907 2349 1075 2386 vendere
1096 2360 1179 2384 mos
1200 2352 1293 2384 erat.
1353 2347 1432 2386 Sed

122 2409 333 2460 ‘praetores
353 2410 396 2456 Q.
421 2410 634 2461 Pompeius
660 2411 791 2451 Rufus
821 2411 1006 2462 Capuam,
1028 2411 1071 2457 Q.
1097 2411 1286 2450 Metellus
1316 2411 1432 2451 Celer
