1566 2586
643 172 950 213 Juounrna.
1384 161 1456 197 123

146 251 371 317 ‘domitum
399 276 448 316 ab
479 290 526 314 ea
558 280 681 327 parte,
715 275 819 327 quod
852 288 998 324 omnes,
1030 273 1150 312 sicuti
1183 273 1274 312 aliis
1305 273 1456 324 diebus,

145 341 350 380 adversum
383 340 517 378 hostes
551 340 724 377 aderant.
799 338 963 387 Marius,
996 338 1066 376 ubi
1095 351 1143 376 ex
1174 337 1336 386 nuntiis,
1370 351 1458 389 quae

146 403 270 455 Ligus
289 408 432 455 egerat,
453 403 646 454 cognovit,
666 415 901 454 quamquam
919 407 1003 440 toto
1024 401 1087 439 die
1108 402 1120 419 ⁵
1133 401 1306 438 intentos
1321 400 1456 451 proelio

145 468 341 508 Numidas
374 468 578 518 habuerat,
613 473 696 505 tum
730 481 821 506 vero
855 467 1082 505 cohortatus
1110 466 1270 516 milites,
1300 470 1341 503 et
1374 465 1457 516 ipse

145 540 258 572 extra
276 533 410 572 vineas
431 546 622 584 egressus,
652 532 878 570 ‘testudine
912 537 1000 569 acta
1033 531 1251 580 succedere,
1272 535 1311 568 et
1339 529 1458 568 simul

145 597 297 636 hostem
318 598 527 635 tormentis
547 597 842 648 sagittariisque
863 601 903 634 et
922 595 1189 634 funditoribus
1209 595 1362 633 eminus
1382 600 1456 632 ter-

144 675 239 701 rere.
309 662 369 700 At
403 662 600 711 Numidae,
631 674 732 712 saepe
767 666 884 698 antea
915 660 1041 699 vineis
1075 660 1342 698 Romanorum
1371 659 1458 697 sub-

144 726 278 775 versis,
298 727 393 764 item
415 726 594 775 incensis,
614 739 689 764 non
710 725 864 763 castelli
885 725 1076 763 moenibus
1097 737 1179 762 sese
1200 724 1455 773 tutabantur;

145 791 214 830 sed
233 804 302 841 pro
322 791 432 828 muro
453 791 537 828 dies
556 795 768 841 noctesque
789 791 801 808 ⁷
818 790 980 839 agitare,
1001 789 1235 827 maledicere
1257 789 1458 838 Romanis,

145 867 190 893 ac
209 855 336 892 Mario
370 855 588 893 vecordiam
625 854 835 904 objecta-re,
855 853 1052 891 militibus
1071 853 1216 891 nostris
1244 853 1274 890 J
1277 852 1459 903 ugurthae

145 918 347 958 servitium
382 919 536 968 minari,
570 918 751 956 secundis
784 918 901 956 rebus
935 918 1083 956 feroces
1118 931 1211 956 esse.
1290 917 1458 956 Interim

147 981 339 1030 omnibus,
376 982 567 1020 Romanis
616 982 883 1032 hostibusque,
921 981 1057 1032 proelio
1104 982 1280 1031 intentis,
1317 995 1459 1032 magna

146 1045 346 1096 utrimque
366 1046 405 1083 vi
438 1059 506 1095 pro
537 1045 664 1096 gloria
697 1051 815 1096 atque
850 1046 1013 1095 imperio
1042 1045 1113 1094 his,
1133 1045 1215 1082 illis
1242 1059 1311 1095 pro
1332 1045 1459 1083 salute

147 1109 401 1158 certantibus,
421 1115 580 1159 repente
610 1123 632 1146 a
661 1114 771 1159 tergo
801 1109 813 1126 ⁸
830 1109 940 1158 signa
969 1121 1131 1146 canere:
1163 1121 1206 1146 ac
1234 1109 1359 1159 primo
1380 1122 1460 1146 mu-

146 1173 264 1212 lieres
284 1179 324 1212 et
351 1174 473 1224 pueri,
492 1174 559 1225 qui
580 1174 706 1211 visum
736 1178 1016 1224 processerant,
1036 1174 1171 1223 fugere
1189 1187 1195 1223 ;
1228 1174 1380 1223 deinde,
1399 1173 1460 1211 uti

145 1237 310 1289 quisque
342 1251 454 1275 muro
486 1238 686 1287 proximus
707 1243 802 1286 erat,
821 1243 1017 1288 postremo
1038 1238 1180 1286 cuncti,
1201 1239 1342 1276 armati
1363 1238 1461 1276 iner-

145 1299 312 1355 mesque.
371 1302 484 1348 Quod
506 1303 573 1341 ubi
607 1303 761 1351 accidit,
782 1316 827 1340 eo
848 1303 974 1340 acrius
1002 1303 1172 1340 Romani
1201 1303 1357 1351 instare,
1376 1304 1461 1341 fun-

146 1367 250 1417 dere,
269 1380 314 1405 ac
344 1367 548 1418 plerosque
583 1367 854 1405 tantummodo
876 1367 1072 1416 sauciare,
1105 1367 1194 1404 dein
1226 1381 1342 1418 super
1364 1369 1461 1406 occi-

147 1445 275 1471 sorum
295 1445 454 1482 corpora
472 1432 625 1481 vadere,
646 1432 750 1469 avidi
770 1432 905 1482 gloriae
925 1438 1119 1470 certantes
1139 1447 1293 1470 murum
1314 1438 1459 1484 petere,

146 1510 272 1549 neque
300 1510 532 1548 quemquam
565 1497 738 1534 omnium
772 1498 902 1547 praeda
931 1498 1083 1535 morari.
1142 1498 1235 1537 “Sic
1259 1499 1360 1536 forte
1381 1511 1460 1537 cor-

147 1566 257 1600 recta
275 1561 395 1599 Marii
415 1561 617 1598 temeritas
637 1561 802 1610 gloriam
823 1574 871 1598 ex
891 1562 1004 1611 culpa
1023 1562 1182 1599 invenit.

230 1625 358 1664 XCV.
392 1625 576 1664 Ceterum
609 1625 700 1662 dum
722 1638 767 1662 ea
796 1638 858 1662 res
887 1626 1049 1675 geritur,
1081 1626 1123 1663 L.
1150 1626 1260 1664 Sulla
1289 1624 1461 1677 quaestor

153 1702 241 1727 cum
270 1701 411 1738 magno
445 1688 623 1738 equitatu
653 1688 693 1725 in
724 1693 851 1725 castra
871 1686 999 1726 venit:
1032 1690 1152 1740 ¹quos
1183 1690 1243 1726 uti
1273 1703 1321 1727 ex
1343 1690 1460 1728 Latio

152 1758 192 1792 et
220 1767 242 1791 a
262 1752 376 1791 sociis
396 1757 562 1802 cogeret,
582 1751 720 1790 Romae
748 1752 908 1790 relictus
938 1758 1041 1808 erat..
1089 1753 1167 1792 Sed
1187 1754 1369 1804 quoniam
1390 1767 1460 1792 nos

152 1818 254 1856 tanti
274 1818 347 1856 viri
366 1831 427 1855 res
447 1817 658 1866 admonuit,
674 1817 854 1855 idoneum
875 1818 1000 1855 visum
1022 1823 1092 1868 est,
1109 1819 1155 1856 de
1176 1824 1317 1857 natura
1337 1819 1461 1857 cultu-

152 1895 227 1934 que
248 1883 332 1932 ejus
351 1881 484 1932 paucis
501 1881 650 1919 dicere:
671 1894 796 1932 neque
813 1881 915 1919 enim
937 1882 1012 1919 alio
1034 1881 1117 1920 loco
1134 1882 1181 1919 de
1202 1882 1325 1921 Sullae
1343 1883 1461 1921 rebus

154 1945 299 1984 dicturi
320 1958 464 1994 sumus,
485 1950 524 1982 et
555 1946 567 1962 ‘²
586 1944 628 1982 L.
653 1944 817 1983 Sisenna
837 1945 980 1995 optime
1001 1951 1041 1983 et
1062 1946 1363 1996 diligentissime
1384 1959 1460 1984 om-

151 2010 272 2059 nium,
291 2011 358 2061 qui
379 2023 444 2047 eas
464 2023 526 2047 res
546 2010 689 2058 dixere,
710 2015 942 2060 persecutus,
962 2024 1098 2060 parum
1119 2011 1216 2048 mihi
1250 2011 1374 2049 libero
1395 2024 1459 2050 ore

153 2073 308 2113 locutus
326 2074 492 2112 videtur.
552 2074 682 2124 Igitur
714 2073 824 2112 Sulla
854 2075 981 2125 gentis
1013 2076 1189 2126 patriciae
1208 2076 1352 2114 nobilis
1373 2076 1460 2126 fuit,

153 2139 310 2185 familia¹
343 2153 460 2190 prope
491 2141 573 2190 jam
609 2140 804 2178 exstincta
841 2141 853 2158 ³
868 2142 1060 2191 majorum
1095 2142 1270 2192 ignavia:
1316 2141 1460 2179 litteris

155 2203 303 2243 Graeeis
323 2218 366 2242 ac
388 2204 543 2242 Latinis
559 2205 686 2253 juxta,
707 2210 823 2255 atque
843 2205 1077 2255 doctissime,
1097 2206 1275 2244 eruditus
1292 2219 1299 2254 3
1331 2205 1460 2243 animo

154 2267 316 2318 ingenti,
335 2269 499 2319 cupidus
518 2269 779 2319 voluptatum,
800 2269 867 2307 sed
887 2270 1023 2320 gloriae
1043 2270 1230 2320 cupidior,
1251 2269 1331 2306 otio
1351 2269 1460 2306 luxu·

154 2331 256 2369 rioso
276 2344 380 2380 esse3
411 2338 541 2371 tamen
572 2333 621 2371 ab
652 2332 819 2382 negotiis
838 2346 1034 2385 nunquam
1056 2334 1235 2383 voluptas
1255 2338 1460 2384 remorata,

155 2395 256 2434 ‘uisi
286 2396 390 2447 quod
423 2397 470 2435 de
502 2410 624 2434 uxore
654 2397 784 2447 potuit
817 2396 1017 2436 honestius
1050 2397 1220 2436 consuli:
1260 2397 1460 2448 facundus,
