1526 2566
0 0 220 59 W·
164 13 165 17 ,
222 0 247 16 η
258 0 326 17 wf:

11 50 43 74 ς’»

0 2392 13 2409 ²¹
3 2145 24 2374 “amoma-new
7 2103 22 2138 10-
11 2088 13 2090 ·

690 211 971 236 cA'r1L1NA.
1441 202 1491 240 49

172 328 260 368 que,
278 327 375 367 quos
403 327 521 365 supra
538 315 764 364 memoravi,
784 314 1016 365 supplicium
1047 320 1270 366 sumptum,
1301 315 1478 368 plerique

171 393 269 432 quos
289 380 338 418 ad
358 380 506 418 bellum
528 392 614 430 spes
633 380 857 430 rapinarum
880 385 948 417 aut
963 393 1150 419 novarum
1167 394 1297 418 rerum
1314 380 1486 420 studium

172 443 366 494 illexerat,
386 444 638 482 dilabuntur:
668 444 841 496 reliquos
862 444 1036 483 Catilina
1055 458 1124 496 per
1152 451 1304 483 montes
1333 458 1488 496 asperos

172 507 325 558 magnis
346 508 553 546 itineribus
581 508 620 544 in
653 521 789 558 agrum
822 508 1104 545 Pistoriensem
1137 509 1309 558 abducit,
1330 521 1375 546 eo
1404 521 1488 546 con-

170 572 272 621 silio,
291 572 351 610 uti
372 586 439 623 per
460 572 640 610 tramites
657 572 807 610 occulte
828 573 1053 623 perfugeret
1074 573 1113 610 in
1144 572 1316 612 Galliam
1347 573 1488 611 Trans-

170 635 351 686 alpinam.
412 637 470 674 At
491 636 535 682 Q.
562 637 748 674 Metellus
782 636 896 675 Celer
925 650 1012 674 cum
1043 638 1168 675 tribus
1198 637 1418 688 legionibus
1446 637 1487 675 in

170 714 264 751 agro
286 700 431 739 Piceno
459 701 731 751 ²praesidebat,
752 715 799 738 ex
831 701 1060 739 difficultate
1092 716 1221 739 rerum
1251 702 1387 740 eadem
1417 702 1488 740 illa

170 765 412 814 existimans,
431 779 519 816 quae
539 779 654 816 supra
675 765 859 814 diximus,
882 765 1094 804 Catilinam
1124 766 1284 816 agitare.
1345 765 1487 816 Igitur,

169 829 238 867 ubi
259 830 335 867 iter
354 831 439 880 ejus
459 843 507 867 ex
527 830 701 880 perfugis
722 829 914 879 cognovit,
935 834 1063 867 castra
1092 843 1254 880 propere
1284 830 1418 878 movit,
1440 842 1484 867 ac

170 894 242 932 sub
273 894 368 944 ipsis
402 894 600 932 radicibus
632 894 822 931 montium
857 894 1044 941 consedit,
1075 908 1152 945 qua
1183 894 1241 931 illi
1277 894 1486 932 descensus

169 962 254 995 erat
274 958 313 994 in
334 957 506 996 Galliam
526 957 758 1008 properanti.
819 958 958 1009 Neque
979 963 1110 996 tamen
1132 958 1331 996 Antonius
1350 957 1486 1009 procul

170 1021 316 1069 aberat,
336 1022 497 1072 ’utpote
517 1023 585 1073 qui
609 1035 749 1072 magno
779 1023 955 1060 exercitu
984 1022 1080 1060 locis
1107 1022 1345 1074 aequioribus
1374 1036 1486 1074 expe-

171 1084 278 1123 ditus
309 1085 349 1123 in
381 1086 475 1136 fuga
504 1092 741 1137 sequeretur.
812 1086 890 1125 Sed
925 1086 1110 1137 Catilina,
1140 1093 1346 1138 postquam
1375 1088 1485 1126 videt

170 1150 395 1188 ‘montibus
414 1156 532 1202 atque
553 1151 672 1201 copiis
699 1150 871 1188 hostium
903 1164 986 1188 sese
1017 1152 1206 1201 clausum,
1226 1152 1266 1189 in
1297 1152 1394 1190 urbe
1422 1165 1485 1190 res

168 1213 361 1263 adversas,
381 1227 506 1265 neque
526 1215 630 1264 fugae
649 1227 774 1265 neque
794 1215 968 1264 praesidii
996 1215 1119 1253 ullam
1150 1229 1268 1266 spem,
1290 1216 1483 1266 optimum

166 1277 275 1315 factu
294 1283 414 1327 ratus,
435 1278 475 1315 in
507 1278 578 1315 tali
609 1291 650 1316 re
682 1279 879 1316 fortunam
911 1279 1007 1317 belli
1039 1285 1204 1329 tentare,
1225 1267 1369 1318 statuit
1395 1294 1484 1319 cum

167 1343 344 1381 Antonio
364 1357 481 1394 quam
511 1344 678 1394 primum
709 1345 923 1394 confligere.
982 1343 1137 1396 Itaque,
1158 1345 1341 1383 concione
1370 1346 1484 1384 advo-

167 1414 264 1458 cata,
285 1409 555 1459 hujuscemodi
576 1410 792 1448 orationem
813 1410 960 1448 habuit.

247 1474 409 1513 LVIII.
440 1475 460 1495 “
478 1476 488 1493 ¹
505 1474 758 1525 Compertum
779 1488 850 1525 ego
878 1475 1015 1525 habeo,
1034 1475 1196 1526 milites,
1215 1476 1335 1514 verba
1362 1475 1483 1515 virtu-

166 1543 246 1576 tem
266 1551 342 1576 non
363 1539 507 1576 addere
525 1552 531 1588 ;
563 1552 689 1590 neque
710 1552 759 1576 ex
780 1539 920 1589 ignavo
947 1544 1164 1588 strenuum,
1183 1553 1309 1591 neque
1338 1540 1482 1578 fortem

165 1617 215 1642 ex
249 1605 388 1642 timido
421 1605 637 1642 exercitum
672 1605 848 1642 oratione
882 1604 1130 1654 imperatoris
1162 1605 1255 1642 fieri.
1326 1604 1483 1650 Quanta

166 1669 353 1719 cujusque
373 1668 502 1706 animo
523 1669 686 1705 audacia
706 1674 845 1705 natura
866 1674 934 1705 aut
953 1669 966 1686 ²
980 1668 1152 1706 moribus
1168 1669 1281 1718 inest,
1302 1674 1413 1706 tanta
1442 1669 1482 1706 in

166 1731 270 1771 bello
289 1737 423 1782 patere
443 1731 566 1769 solet:
596 1745 712 1782 quem
733 1744 859 1783 neque
879 1732 1006 1782 gloria
1025 1745 1151 1783 neque
1179 1732 1353 1782 pericula
1382 1733 1482 1770 exci-

165 1801 264 1843 tant,
297 1796 562 1848 nequidquam
596 1796 802 1847 ³hortere;
847 1797 966 1835 timor
999 1797 1119 1835 animi
1153 1797 1314 1835 auribus
1351 1797 1478 1836 officit.

166 1862 244 1902 Sed
279 1875 349 1912 ego
382 1875 462 1912 vos,
494 1875 571 1913 quo
604 1874 726 1912 pauca
763 1875 973 1912 monerem,
1007 1862 1218 1911 advocavi,
1264 1861 1382 1900 simul
1419 1862 1480 1900 uti

164 1941 321 1966 causam
356 1927 459 1965 ⁴mei
493 1927 646 1965 consilii
679 1927 881 1977 aperirem.
940 1927 1060 1965 Scitis
1095 1926 1289 1978 equidem,
1318 1926 1480 1977 milites,

164 1991 341 2030 socordia
354 1996 470 2042 atque
491 1990 647 2040 ignavia
659 1989 820 2028 Lentuli
832 1995 1019 2041 quantam
1034 1990 1108 2040 ipsi
1122 1990 1311 2041 nobisque
1327 1989 1478 2028 cladem

163 2055 370 2105 attulerit,
410 2057 587 2107 ‘’quoque
607 2055 734 2104 modo,
753 2054 846 2092 dum
876 2068 924 2092 ex
952 2055 1049 2093 urbe
1077 2054 1262 2105 praesidia
1289 2054 1478 2105 opperior,

163 2121 204 2159 in
224 2121 396 2160 Galliam
422 2120 613 2171 proficisci
643 2120 893 2171 nequiverim.
953 2120 1069 2158 Nunc
1098 2133 1190 2158 vero
1219 2132 1297 2171 quo
1324 2119 1365 2156 in
1394 2118 1479 2156 loco

163 2199 226 2224 res
241 2191 385 2225 nostrae
404 2186 494 2236 sint,
507 2187 623 2235 juxta
643 2198 795 2222 mecum
815 2198 948 2222 omnes
964 2184 1206 2235 intellegitis.
1267 2182 1478 2221 Exercitus

162 2248 336 2286 hostium
357 2249 445 2297 duo,
460 2250 473 2267 ⁶
487 2261 586 2286 unus
607 2248 655 2286 ab
676 2247 783 2295 urbe,
798 2247 899 2286 alter
919 2261 941 2285 a
961 2247 1094 2286 Gallia
1117 2247 1277 2285 obstant
1294 2259 1301 2283 :
1328 2245 1478 2283 diutius

163 2313 203 2351 in
230 2313 292 2352 his
315 2314 416 2354 ,locis
448 2327 542 2362 esse,
563 2313 595 2351 si
625 2312 795 2350 maxime
826 2312 978 2350 animus
1007 2312 1120 2361 ferat,
1140 2309 1330 2349 frumenti
1359 2314 1477 2360 atque

163 2364 328 2416 aliarum
361 2391 491 2416 rerum
525 2382 679 2428 egestas
712 2376 900 2426 prohibet.
971 2375 1211 2426 Quocunque
1245 2374 1302 2411 ire
1335 2371 1476 2423 placet,

163 2442 267 2481 ferro
304 2442 380 2480 iter
417 2442 674 2494 aperiundum
713 2446 782 2479 est.
841 2440 1088 2492 Quapropter
1124 2451 1193 2477 vos
1230 2449 1380 2479 moneo.
1414 2437 1478 2476 uti

472 2508 494 2543 3
