1566 2586
26 1299 46 1389 <ret-*⁶-

151 140 171 179 ἓν·
420 164 423 165 ’
635 162 940 190 ισουκτιιᾼ.
1376 152 1444 189 121

138 271 297 320 timerem
327 274 521 322 postremo
542 281 686 319 omnes,
702 267 798 306 socii
817 272 935 318 atque
955 266 1100 317 hostes,
1120 266 1278 304 credere
1300 266 1360 303 illi
1381 271 1449 305 aut

138 341 305 376 mentem
335 334 507 373 divinam
540 346 635 381 esse,
655 337 724 370 aut
754 332 915 371 deorum
945 337 1045 369 nutu
1074 337 1216 369 cuncta
1248 331 1444 382 portendi.

137 400 216 440 Sed
235 399 381 449 consul,
399 399 468 437 ubi
488 399 500 416 ‘⁴'
514 412 559 436 ea
579 411 641 436 res
669 398 767 436 bene
796 397 938 446 evenit,
960 397 1009 435 ad
1029 396 1107 434 alia
1136 396 1278 447 oppida
1297 396 1447 446 pergitt

137 478 270 518 pauca,
289 464 597 516 repugnantibus
628 463 824 511 Numidis,
852 463 977 513 capit,
1019 462 1144 513 plura,
1165 461 1323 499 deserta
1342 475 1451 512 prop-

139 535 198 569 ter
214 529 467 581 Capsensium
488 529 675 578 miserias,
696 528 776 578 igni
796 527 1032 578 corrumpit:
1064 527 1174 564 luctu
1203 532 1322 578 atque
1343 526 1450 564 caede

138 595 267 634 omnia
295 595 547 645 complentur.
607 593 785 644 Denique
819 593 956 630 multis
990 592 1086 630 locis
1115 592 1276 642 potitus,
1295 604 1340 629 ac
1373 591 1451 642 ple-

139 658 270 710 risque
321 657 524 695 'exercitu
562 656 778 708 incruento,
817 656 934 693 aliam
971 668 1054 693 rem
1093 654 1333 705 aggreditur,
1371 667 1450 692 non

139 721 276 760 eadem
311 722 534 772 asperitate.
567 708 669 772 quam
685 718 951 770 Capsensium,
985 724 1158 757 ceterum
1198 718 1303 756 haud
1341 731 1451 756 secus

141 779 349 824 difficilem.
407 785 587 836 Namque
620 785 725 822 haud
761 785 875 834 longe
895 798 918 822 a
947 784 1106 822 flumine
1128 783 1327 832 Mulucha,
1346 782 1451 834 quod

141 850 171 890 J
173 850 353 901 ugurthae
377 849 601 901 Bocchique
622 858 783 899 regnum
805 848 1069 899 disjungebat,
1089 853 1175 886 erat
1203 849 1215 866 ⁴
1230 848 1334 885 inter
1353 852 1452 885 cete-

142 927 225 952 ram
246 913 450 964 planitiem
470 927 580 951 mons
614 927 765 961 saxeus,
785 912 972 950 mediocri
993 912 1155 950 castello
1175 912 1273 950 satis
1301 917 1452 962 patens,

143 977 184 1015 in
203 978 435 1016 immensum
468 978 609 1027 editus,
639 991 716 1015 uno
744 982 979 1028 perangusto
1011 977 1124 1014 aditu
1155 976 1318 1026 relict03
1359 989 1451 1014 nam

147 1042 276 1079 omnia
295 1050 446 1086 natura,
466 1042 574 1079 velut
594 1055 708 1092 opere
739 1047 856 1092 atque
877 1042 1067 1091 consulto,
1086 1054 1266 1092 praeceps.
1326 1040 1452 1087 Quem

143 1103 271 1143 locum
292 1105 454 1154 Marius,
474 1105 578 1156 quod
599 1105 654 1142 ibi
685 1105 788 1155 regis
816 1105 991 1143 thesauri
1021 1110 1144 1154 erant,
1163 1118 1316 1143 summa
1334 1105 1374 1143 vi
1394 1117 1453 1142 ca.-

142 1181 234 1218 pere
249 1169 428 1206 intendit.
462 1168 540 1207 Sed
556 1182 601 1206 ea
616 1182 679 1206 res
700 1170 712 1186 ⁵
724 1170 837 1218 forte,
852 1182 968 1220 quam
983 1169 1157 1219 consilio,
1172 1169 1314 1207 melius
1329 1174 1449 1219 gesta.

145 1231 277 1270 ‘Nam
310 1233 472 1271 castello
506 1233 677 1270 virorum
711 1239 829 1284 atque
861 1247 1058 1271 armorum
1092 1234 1198 1284 satis,
1218 1247 1360 1284 magna
1392 1234 1452 1272 vis

142 1296 329 1335 frumenti
351 1301 391 1334 et
411 1297 498 1334 fons
527 1310 661 1348 aquae,
693 1297 902 1347 aggeribus
935 1297 1186 1348 turribusque
1207 1303 1246 1336 et
1266 1298 1355 1336 aliis
1374 1312 1453 1336 ma-

142 1361 432 1399 chinationibus
452 1361 560 1399 locus
580 1362 847 1412 importunus3
879 1362 956 1400 iter
974 1362 1277 1401 castellanorum
1311 1377 1452 1414 angus-

142 1430 228 1463 tum
261 1426 483 1474 admodum,
508 1426 706 1477 utrimque
737 1427 950 1477 praecisum.
1010 1426 1150 1465 Vineae
1178 1440 1265 1465 cum
1299 1428 1452 1478 ingenti

143 1489 316 1541 periculo
350 1490 496 1528 frustra
524 1491 740 1541 agebantur
758 1504 765 1540 3
796 1504 886 1528 nam
907 1505 1028 1542 quum
1049 1504 1105 1530 eae
1124 1492 1240 1542 paulo
1260 1505 1452 1542 processe-

142 1557 246 1602 rant,
279 1553 362 1603 igni
391 1559 460 1591 aut
492 1554 692 1604 lapidibus
725 1555 1092 1604 corrumpebantur:
1123 1556 1297 1594 ⁷milites
1327 1570 1452 1608 neque

143 1630 215 1668 pro
244 1630 359 1667 opere
392 1617 616 1666 consistere,
637 1622 796 1668 propter
827 1618 1076 1669 iniquitatem
1098 1619 1186 1669 loci,
1204 1633 1330 1672 neque
1351 1621 1453 1659 inter

145 1681 282 1720 vineas
302 1681 384 1718 sine
414 1681 588 1732 periculo
608 1681 883 1720 administrare
900 1697 907 1720 :
938 1683 1108 1738 optimus
1127 1685 1292 1736 quisque
1313 1685 1453 1724 cadere

146 1751 216 1783 aut
235 1744 413 1794 sauciari,
433 1745 573 1782 ceteris
593 1750 720 1783 metus
740 1746 884 1796 augeri.

227 1806 390 1846 XCIII.
433 1807 492 1845 At
524 1808 685 1858 Marius,
719 1809 855 1847 multis
888 1810 1026 1849 diebus
1060 1817 1100 1849 et
1133 1811 1334 1851 laboribus
1367 1827 1453 1852 con-

145 1872 322 1922 sumptis,
358 1872 520 1910 ¹anxius
548 1873 700 1911 trahere
734 1887 822 1911 cum
853 1875 982 1913 animo
1009 1889 1090 1926 suo,
1113 1877 1365 1916 omitteretne
1397 1878 1452 1916 in-

145 1942 312 1987 ceptum,
331 1937 512 1988 quoniam
534 1938 680 1976 frustra
699 1945 795 1989 erat,
814 1953 863 1977 an
882 1941 1079 1980 fortunam
1099 1943 1355 1995 opperiretur,
1375 1958 1452 1996 qua

145 2012 244 2050 saepe
268 2013 449 2050 prospere
469 2014 562 2038 usus
582 2002 720 2040 fuerat.
773 2002 876 2057 *Quae
894 2019 1013 2056 quum
1034 2006 1179 2044 multos
1201 2007 1284 2045 dies
1304 2014 1452 2045 noctes-

143 2078 219 2116 que
253 2066 451 2104 ²aestuans
482 2067 662 2117 agitaret,
691 2068 792 2107 forte
821 2070 980 2120 quidam
1003 2071 1137 2122 Ligus,
1157 2085 1206 2110 ex
1226 2072 1452 2110 cohortibus

145 2130 363 2178 auxiliariis
383 2131 497 2170 miles
516 2133 729 2182 gregarius,
749 2135 886 2173 castris
907 2136 918 2153 '¹
931 2142 1116 2188 aquatum
1139 2151 1328 2188 egressus,
1348 2137 1452 2175 haud

145 2194 279 2244 procul
305 2195 354 2233 ab
383 2195 507 2234 latere
539 2196 704 2248 castelli,
724 2198 827 2248 quod
847 2212 1023 2238 aversum
1054 2201 1328 2252 proeliantibus
1357 2207 1453 2252 erat,

147 2258 319 2298 animum
362 2261 534 2299 advertit
572 2263 674 2300 inter
708 2276 802 2301 saxa
830 2271 1009 2315 repentes
1042 2267 1242 2304 cochleas:
1286 2279 1452 2317 quarum

147 2335 267 2374 quum
305 2337 420 2362 unam
460 2332 576 2378 atque
616 2327 792 2377 alteram,
825 2329 913 2367 dein
950 2330 1082 2381 plures
1118 2336 1282 2380 peteret,
1321 2331 1452 2369 studio

149 2384 303 2437 legendi
334 2389 521 2438 paulatim
555 2404 673 2442 prope
704 2393 753 2430 ad
784 2405 976 2432 summum
1008 2395 1152 2432 montis
1173 2407 1352 2444 egressus
1380 2401 1448 2434 est.

356 2455 380 2491 6
