1630 2626
229 179 277 215 74
575 192 596 216 c
667 193 846 218 clusin
893 195 1174 220 SALLUSTH

229 291 344 328 ducta
363 305 478 329 manu
496 292 675 341 hostium,
695 299 762 331 aut
781 294 818 331 vi
839 300 905 331 aut
937 295 1035 332 dolis
1066 308 1147 333 sese
1180 309 1309 334 casum
1337 299 1508 337 victoriae

227 354 482 391 inventurum.
540 357 551 373 ⁷
569 355 679 400 Quod
699 356 766 393 ubi
786 369 893 394 secus
913 358 1096 406 procedit,
1115 371 1248 408 neque,
1267 361 1368 410 quod
1388 361 1508 398 inten-

228 417 348 464 derat,
379 417 523 454 efficere
556 424 694 467 potest,
722 419 781 455 uti
811 419 932 468 prius,
951 433 1066 470 quam
1099 421 1246 470 legatos
1277 423 1508 472 conveniret,

229 480 464 517 Adherbalis
496 481 698 530 potiretur,
717 494 764 518 ne
795 482 958 532 amplius
978 483 1159 521 morando
1180 477 1376 534 Scaurum,
1394 498 1507 536 quem

228 543 437 592 plurimum
468 545 678 594 metuebat,
711 546 943 595 incenderet,
975 560 1059 584 cum
1087 548 1218 596 paucis
1248 549 1442 599 equitibus
1469 549 1509 586 in

227 606 460 655 provinciam
480 607 596 644 venit.
654 608 714 644 Ac
745 609 901 645 tametsi
932 609 1055 646 senati
1075 610 1203 647 verbis
1232 623 1367 660 graves
1396 611 1510 648 minae

227 670 514 715 nuntiabantur,
533 670 636 720 quod
655 671 703 708 ab
723 672 1003 720 oppugnatione
1023 685 1098 709 non
1129 672 1344 722 desisteret,
1363 673 1375 691 ⁸
1387 673 1511 711 multa

227 736 354 768 tamen
375 732 546 769 oratione
567 739 803 783 consumpta,
824 734 942 783 legati
961 735 1105 772 frustra
1125 735 1340 773 discessere.
1525 775 1532 780 ,

304 795 462 832 XXVI*
495 796 554 833 Ea
581 803 781 847 postquam
805 797 924 836 Cirtae
943 799 1074 835 audita
1106 804 1204 847 sunt,
1235 800 1243 816 ¹
1262 799 1404 848 Italici,
1422 811 1511 850 quo·

226 871 311 895 rum
339 859 484 895 virtute
517 860 656 896 moenia
687 860 995 910 defensabantur,
1015 862 1156 910 confisi,
1176 861 1370 899 deditione
1397 861 1510 911 facta,

226 926 381 970 propter
400 922 705 970 magnitudinem
726 923 856 972 populi
885 923 1052 961 Romani
1085 924 1290 962 inviolatos
1318 937 1400 962 sese
1419 925 1511 974 fore,

227 983 443 1021 Adherbali
476 984 649 1034 suadent,
678 986 756 1022 ‘uti
785 999 899 1036 seque
930 991 968 1023 ct
1001 987 1179 1036 oppidum
1201 987 1408 1036 ,Iugurthae
1436 991 1511 1024 tra·

227 1045 311 1094 dat,
334 1051 483 1083 tantum
504 1046 552 1083 ab
574 1059 618 1083 eo
637 1047 756 1084 vitam
776 1049 1001 1097 paciscatur,
1014 1049 1060 1086 de
1082 1049 1220 1086 ceteris
1240 1050 1390 1086 senatui
1409 1062 1511 1086 curae

227 1107 329 1143 fore.'
386 1107 443 1144 At
462 1108 540 1155 ille,
559 1109 714 1146 tametsi
735 1109 862 1146 omnia
881 1110 892 1126 ²
906 1110 1055 1159 potiora
1082 1110 1156 1147 fide
1177 1110 1206 1148 J
1208 1110 1384 1160 ugurthae
1404 1110 1512 1148 reba-

227 1175 302 1220 tur,
316 1175 456 1219 tamen,
469 1171 558 1222 quia
572 1185 687 1221 penes
703 1172 866 1219 eosdem,
880 1172 911 1209 si
927 1172 1204 1220 adversaretur,
1217 1173 1375 1221 cogendi
1390 1178 1511 1222 potes-

228 1238 287 1270 tas
308 1239 402 1279 erat,
425 1234 490 1282 ita,
510 1235 569 1270 uti
589 1239 814 1271 censuerant
845 1234 986 1282 Italici,
1008 1234 1246 1271 deditionem
1281 1235 1383 1271 facit.
1441 1235 1511 1272 Ju-

226 1297 366 1346 gurtha
398 1297 463 1333 ³in
492 1297 627 1346 primis
647 1297 910 1333 Adherbalem
931 1297 1190 1334 excruciatum
1210 1302 1342 1345 necat3
1373 1297 1511 1334 deinde

228 1372 360 1396 omnes
401 1359 564 1408 puberes
605 1359 796 1396 Numidas
830 1364 868 1395 et
900 1359 1158 1408 negotiatores
1193 1360 1420 1418 promiscue,
1451 1359 1512 1397 uti

226 1422 388 1473 quisque
408 1423 566 1459 armatis
585 1422 719 1459 obvius
745 1423 882 1470 fuerat,
902 1422 1093 1459 interficit.

306 1485 489 1523 XXVII.
523 1484 659 1530 ¹Qu0d
691 1490 892 1535 postquam
924 1485 1059 1522 Romae
1090 1485 1284 1534 cognitum
1305 1490 1374 1534 est,
1393 1490 1432 1522 et
1450 1497 1512 1522 res

228 1550 267 1586 in
287 1555 424 1587 senatu
445 1549 587 1598 agitari
607 1554 741 1598 coepta,
769 1549 885 1585 iidem
918 1549 976 1585 illi
1006 1548 1174 1585 ministri
1204 1549 1306 1597 regis
1333 1548 1512 1598 interpel-

227 1611 354 1659 lando,
381 1623 424 1647 ac
455 1623 554 1660 saepe
586 1610 712 1659 gratia
742 1610 936 1647 interdum
965 1610 1104 1659 jurgiis
1136 1610 1322 1647 trahendo
1351 1614 1512 1660 tempus,

228 1674 471 1711 atrocitatem
503 1673 598 1710 facti
628 1673 833 1711 leniebant
891 1673 950 1710 Ac
970 1672 1010 1708 ni
1032 1671 1071 1710 O.
1097 1672 1315 1721 Memmius,
1335 1672 1513 1710 tribunus

227 1737 358 1796 plebis
373 1737 606 1785 designatus,
634 1735 719 1773 ²vir
740 1748 825 1772 acer
845 1740 885 1772 et
905 1735 1067 1772 infestus
1086 1735 1268 1784 potentiae
1286 1735 1512 1784 nobilitatis,

227 1799 408 1850 populum
429 1799 647 1835 Romanum
668 1798 907 1834 edocuisset
922 1797 961 1834 id
981 1797 1054 1846 agi,
1066 1797 1125 1834 uti
1143 1810 1212 1846 per
1224 1810 1363 1847 paucos
1382 1798 1513 1835 factio-

229 1875 289 1900 sos
311 1861 520 1910 Jugurthae
554 1861 677 1898 scelus
710 1860 1007 1908 condonaretur,’
1037 1860 1207 1910 profecto
1227 1861 1349 1898 omnis
1367 1861 1520 1902 invidia,

228 1925 465 1975 prolatandis
486 1923 833 1961 consultationibus
854 1923 1003 1972 dilapsa
1022 1923 1142 1960 foret:
1173 1927 1282 1960 tanta
1299 1923 1358 1961 vis
1375 1923 1512 1972 gratiae

229 1994 344 2038 atquc
364 1987 534 2036 pecuniae
553 1987 655 2035 regis
675 1991 767 2023 erat.
826 1985 903 2024 Sed
923 1985 989 2023 ubi
1009 1991 1166 2023 senatus
1195 1986 1207 2003 ⁸
1221 1985 1353 2022 delicti
1371 1985 1512 2023 consci-

230 2051 333 2089 entia
370 2050 550 2099 populum
584 2049 707 2098 timet,
739 2050 750 2066 ⁴
764 2049 847 2097 lege
883 2048 1106 2098 Sempronia
1137 2047 1342 2098 provinciae
1370 2047 1512 2088 futuris

230 2113 450 2151 consulibus
471 2111 657 2149 Numidia
677 2117 791 2160 atque
814 2111 931 2148 Italia
948 2110 1121 2158 decretae,
1137 2109 1311 2147 consules
1327 2109 1512 2146 declarati

231 2177 274 2214 P.
299 2175 427 2225 Scipio
457 2174 610 2222 Nasica,
632 2174 673 2210 L.
698 2173 832 2210 Bestia
867 2172 1118 2222 Calpurnius3
1151 2171 1358 2221 Calpurnio
1379 2171 1512 2208 Numi-

161 2256 166 2262 -
231 2239 306 2287 dia,
327 2237 496 2287 Scipioni
516 2236 634 2274 Italia
654 2237 666 2253 ⁶
679 2235 854 2272 obvenit:
886 2234 1023 2272 deinde
1043 2234 1245 2282 exercitus,
1263 2234 1330 2284 qui
1349 2233 1389 2270 in
1409 2233 1513 2271 Afri-

231 2314 314 2339 cam
347 2305 576 2351 portaretur,
606 2298 808 2337 scribitur:
839 2297 1071 2348 stipendium
1104 2297 1266 2348 aliaque,
1297 2309 1383 2348 quae
1409 2295 1512 2336 bello

231 2365 317 2402 usui
335 2365 471 2412 forent,
491 2363 754 2400 decernuntur,
