1566 2586
656 225 962 252 sucus-rna.
1416 217 1469 255 9⁷

152 329 270 380 bnnt3
300 329 462 381 parique
483 329 666 380 periculo,
688 330 756 368 sed
776 330 880 368 fama
899 329 1052 382 impari,
1072 330 1166 370 boni
1190 335 1308 383 atque
1338 331 1470 382 ignavi

148 401 275 439 erant.

234 459 396 498 LVIII.
430 460 534 498 Dum
567 460 670 510 apud
702 460 863 498 Zamam
896 461 951 499 sic
981 466 1167 511 certatur,
1188 461 1392 512 Jugurtha
1421 475 1471 500 ex

153 525 363 576 improviso
384 530 513 563 castra
533 525 704 563 hostium
735 539 823 564 cum
852 540 994 577 magna
1023 541 1142 565 manu
1171 527 1348 565 invadit:
1387 527 1470 565 ¹re-

152 589 295 638 missis,
313 590 382 641 qui
403 589 442 627 in
463 590 644 640 praesidio
665 595 788 640 erant,
804 596 844 628 et
864 591 994 629 omnia
1011 592 1135 642 magis
1151 605 1267 643 quam
1289 591 1470 642 proelium

153 655 485 705 exspectantibus,
523 661 676 705 portam
726 656 917 707 irrumpit.
988 657 1046 695 At
1091 657 1228 706 nostri,
1267 657 1471 708 repentino

153 726 263 758 metu
298 720 479 771 perculsi,
513 721 588 758 sibi
626 721 791 773 quisque
824 736 892 772 pro
927 723 1102 761 moribus
1135 723 1365 761 consulunt:
1402 723 1472 761 alii

153 784 300 835 fugere,
321 784 390 822 alii
410 798 518 822 arma
539 798 698 836 capere;
731 799 872 837 magna
901 800 990 837 pars
1017 786 1215 825 vulnerati
1244 792 1313 824 aut
1342 787 1469 826 occisi.

155 847 339 888 Ceterum
375 863 422 887 ex
456 850 561 888 omni
596 851 852 889 multitudine
886 865 964 890 non
998 852 1166 903 amplius
1197 852 1471 904 quadraginta,

152 927 344 952 memores
362 908 532 953 nominis
548 915 730 964 Romani,
746 917 758 933 ⁹
775 929 893 967 grege
914 917 1030 967 facto,
1051 917 1177 955 locum
1200 930 1335 968 cepere
1357 917 1472 968 paulo

153 994 269 1032 quam
291 980 358 1018 alii
389 981 607 1031 editiorem,
627 995 753 1033 neque
775 982 864 1020 inde
893 983 1064 1020 maxima
1095 984 1133 1022 vi
1166 982 1310 1033 depelli
1342 983 1473 1034 quive·

154 1051 258 1094 runt,
289 1046 357 1084 sed
388 1045 469 1084 tela
499 1047 652 1084 eminus
682 1047 801 1084 missa
831 1047 1046 1097 remittere,
1077 1048 1190 1098 pauci
1224 1047 1262 1084 in
1294 1047 1474 1098 pluribus

154 1111 284 1149 minus
303 1111 506 1148 frustrari:
538 1111 596 1148 sin
621 1111 657 1148 N
664 1111 806 1148 umidae
826 1112 985 1162 propius
1006 1112 1274 1160 accessissent,
1295 1112 1351 1150 ibi
1380 1125 1473 1150 vero

154 1175 342 1213 virtutem
363 1174 580 1224 ostendere,
600 1181 640 1212 et
661 1188 727 1212 eos
748 1175 919 1213 maxima
939 1176 977 1214 vi
999 1176 1158 1225 caedere,
1175 1177 1339 1214 fundere
1356 1182 1473 1228 atque

155 1239 301 1290 fugare.
374 1239 542 1277 Interim
579 1239 780 1290 Metellus,
811 1254 931 1291 quum
966 1241 1154 1279 acerrime
1189 1255 1271 1279 rem
1305 1246 1473 1292 gereret,

155 1303 364 1341 clamorem
395 1303 578 1341 hostilem
612 1317 633 1341 a
665 1309 776 1354 tergo
809 1305 984 1355 accepit:
1025 1306 1127 1354 dein,
1149 1319 1334 1344 converso
1365 1320 1475 1358 equo,

156 1369 435 1407 animadvertit
454 1369 588 1419 fugam
610 1370 622 1387 ³
639 1370 687 1407 ad
709 1383 749 1407 se
769 1384 923 1408 versum
945 1371 1029 1409 fieri
1048 1385 1054 1421 3
1084 1385 1171 1423 quae
1191 1386 1253 1410 res
1274 1372 1475 1410 indicabat

155 1434 362 1485 populares
381 1447 475 1472 esse.
534 1434 666 1484 Igitur
681 1435 901 1486 equitatum
922 1441 1074 1474 omnem
1098 1437 1146 1474 ad
1168 1442 1297 1475 castra
1312 1450 1474 1488 propere

155 1499 294 1549 mittit,
326 1513 370 1536 ac
409 1500 544 1538 statim
585 1499 624 1539 C.
661 1500 832 1538 Marium
872 1514 958 1539 cum
993 1501 1219 1540 cohortibus
1254 1503 1472 1553 sociorum3

157 1579 323 1616 eumque
357 1565 577 1615 lacrymans
611 1579 680 1615 per
717 1566 933 1604 amicitiam
971 1580 1117 1618 perque
1156 1581 1239 1605 rem
1278 1567 1475 1618 publicam

158 1630 348 1679 obsecrat,
367 1632 440 1667 ‘ne
460 1644 577 1681 quam
599 1631 877 1668 contumeliam
898 1645 1099 1670 remanere
1126 1633 1165 1669 in
1196 1634 1372 1671 exercitu
1401 1634 1476 1672 vic-

158 1700 255 1742 tore,
270 1689 367 1733 neve
387 1695 519 1733 hostes
541 1696 552 1713 ⁴
570 1696 716 1734 inultos
736 1697 844 1734 abire
866 1697 993 1734 sinat.⁷
1052 1697 1130 1736 Ille
1151 1698 1260 1736 brevi
1290 1699 1477 1737 mandata

159 1759 284 1798 efficit.
357 1759 415 1797 At
463 1759 666 1810 Jugurtha
712 1761 955 1799 munimento
995 1767 1212 1801 castrorum
1251 1764 1476 1815 impeditus,

159 1837 278 1876 quum
312 1823 381 1861 alii
413 1837 527 1874 super
557 1824 704 1862 vallum
736 1825 1089 1876 praecipitarentur,
1110 1827 1179 1865 alii
1212 1828 1251 1865 in
1284 1829 1477 1880 angustiis

160 1888 236 1940 ipsi
256 1889 331 1927 sibi
351 1894 603 1939 properantes
629 1890 839 1941 officerent,
859 1891 997 1929 multis
1027 1892 1192 1940 amissis,
1212 1893 1253 1931 in
1282 1893 1367 1932 loca
1397 1909 1476 1933 mu-

160 1954 245 1992 nita
279 1967 362 1992 sese
397 1954 554 2004 recepit.
626 1954 826 2005 Metellus,
861 1956 1032 1994 ‘infecto
1066 1958 1236 2008 negotiO,
1269 1964 1476 2011 postquam

159 2031 238 2057 nox
259 2018 406 2065 aderat,
427 2018 466 2055 in
487 2023 615 2056 castra
628 2032 714 2057 cum
736 2020 913 2058 exercitu
933 2021 1155 2060 revertitur.

242 2082 354 2121 LIX.
390 2082 521 2133 Igitur
549 2089 703 2133 postero
726 2084 799 2132 die,
819 2085 927 2134 prius
947 2099 1064 2136 quam
1095 2085 1144 2123 ad
1174 2087 1477 2137 oppugnandum

162 2147 426 2198 egrederetur,
447 2147 667 2198 equitatum
690 2161 842 2186 omnem
862 2149 903 2186 in
932 2163 977 2187 ea
1005 2155 1128 2200 parte,
1150 2152 1252 2202 ¹qua
1281 2150 1385 2201 regis
1415 2151 1478 2188 ad-

162 2216 302 2249 ventus
330 2216 513 2262 erat,.pro
545 2212 683 2250 castris
713 2212 862 2263 agitare
890 2214 1029 2264 jubet,
1066 2219 1198 2265 portas
1230 2220 1270 2252 et
1300 2215 1479 2264 proxima

162 2273 248 2311 loca
286 2274 456 2312 tribunis
490 2275 700 2326 dispertit,
743 2277 883 2315 deinde
917 2278 1000 2329 ipse
1033 2279 1163 2329 pergit
1200 2279 1249 2316 ad
1281 2278 1478 2330 oppidum,

165 2342 294 2388 atque,
312 2344 358 2376 ut
389 2340 587 2390 superiore
620 2341 694 2387 die,
726 2355 879 2380 murum
911 2343 1148 2393 aggreditur.
1209 2342 1376 2380 Interim
1408 2343 1478 2382 Ju-

159 2401 309 2452 -gurtha
329 2415 377 2440 ex
396 2404 548 2442 occulto
570 2411 730 2455 repente
750 2411 902 2445 nostros
924 2407 1095 2445 invadit:
1126 2407 1194 2458 qui
1215 2407 1227 2424 ²
1241 2406 1281 2444 in
1302 2407 1478 2457 proximo

166 2464 285 2505 locati
317 2467 483 2519 fuerant,
503 2470 699 2520 paulisper
727 2471 858 2509 territi
886 2471 1191 2522 perturbantur,
1228 2470 1370 2524 reliqui
1399 2472 1478 2512 cito

475 2546 496 2569 o
