1526 2566
626 197 906 223 CATILINA.
1378 191 1421 227 41

110 302 214 341 facta
233 301 365 340 cuncti
384 301 572 340 mortales
588 304 739 340 novere.
795 301 865 340 Ita
885 301 927 340 i'n
945 302 1117 340 maxima
1137 303 1295 341 fortuna
1315 305 1426 342 mini-

109 380 173 405 ma
203 366 364 404 licentia
384 371 464 404 est:
496 379 621 417 neq-ue
655 366 829 416 studere,
847 379 973 417 neque
1002 366 1141 415 odisse,
1162 367 1230 404 sed
1259 368 1422 406 minime

109 431 223 469 irasci
250 431 383 468 decet:
414 444 502 482 quac
534 431 637 481 apud
669 431 766 468 alios
797 431 998 468 iracundia
1031 431 1188 478 dicitur,
1209 445 1255 468 ea
1286 432 1326 468 in
1358 433 1426 469 im-

107 495 214 546 perio
235 495 418 546 superbia
449 500 566 546 atque
598 495 814 532 crudelitas
835 495 1064 546 appellatur.
1125 495 1322 546 Equidem
1353 509 1424 546 ego

108 560 163 598 sic
197 559 393 608 existimo,
426 565 557 610 patres
591 558 814 610 conscripti,
845 572 979 597 omnes
1011 559 1208 597 cruciatus
1243 560 1424 610 minores,

107 637 222 676 quam
244 624 416 662 facinora
445 623 601 661 illorum
623 636 731 672 esse3
763 623 831 661 sed
863 623 1039 675 plerique
1071 624 1258 662 mortales
1278 630 1424 674 postre-

106 702 170 726 ma
198 689 422 738 meminere,
443 694 483 726 et
510 688 548 725 in
579 687 802 726 hominibus
823 688 954 738 impiis
975 689 1132 725 sceleris
1153 702 1285 726 eorum
1307 689 1423 726 obliti

107 754 154 791 de
182 767 295 804 poena
315 753 527 802 disserunt,
549 753 581 790 si
607 765 652 790 ea
680 752 796 803 paulo
817 753 986 790 severior
1015 753 1100 790 fuit.
1162 753 1206 790 D.
1231 753 1422 803 Silanum,

106 817 231 856 virum
271 817 412 855 fortem
456 823 573 868 atque
613 822 826 866 strenuum,
859 823 963 854 certo
1003 817 1093 866 scio,
1137 831 1225 868 quae
1263 818 1422 866 dixerit,

107 883 132 901 ¹²
149 882 280 920 studIO
308 882 366 920 rei
394 882 561 932 publicae
590 881 747 930 dixisse,
767 895 893 932 neque
922 881 1035 919 illum
1066 881 1104 918 in
1135 887 1246 918 tanta
1276 895 1317 919 re
1337 895 1423 932 gra-

107 948 201 986 tiam
234 952 303 985 aut
334 946 563 984 inimicitias
592 959 792 984 exercere:
825 959 890 984 eos
910 959 1048 996 mores,
1077 960 1239 995 eamque
1274 947 1421 984 modes-

105 999 203 1050 tiam
222 1011 298 1050 viri
317 1011 488 1061 cognovi.
550 1010 701 1049 Verum
733 1011 929 1048 sententia
957 1012 1041 1060 ejus
1071 1011 1168 1047 mihi
1188 1023 1264 1048 non
1286 1011 1420 1048 crude-

107 1075 167 1125 lis,
188 1075 299 1126 (quid
328 1075 430 1112 enim
459 1075 499 1112 in
530 1074 630 1112 tales
650 1075 826 1126 homines
847 1075 1004 1112 crudele
1033 1074 1118 1112 fieri
1149 1080 1279 1124 potest
1295 1076 1328 1126 2)
1350 1075 1419 1112 sed

110 1140 278 1178 ¹³aliena
297 1152 320 1176 a
339 1152 380 1176 re
410 1139 568 1189 publica
590 1128 734 1176 'nostra
768 1138 934 1176 videtur.
1010 1139 1111 1176 Nam
1146 1139 1321 1188 profecto
1350 1144 1419 1176 aut

104 1210 232 1242 metus
260 1210 329 1243 aut
357 1203 502 1253 injuria
522 1208 561 1240 te
583 1203 750 1252 subegit,
772 1202 916 1252 Silane,
936 1203 1134 1251 consulem
1158 1203 1418 1253 designatum,
1462 1221 1467 1225 -

102 1282 225 1320 genus
253 1283 375 1320 poenae
394 1282 537 1307 novum
568 1268 784 1306 decernere
844 1268 902 1306 De
927 1269 1066 1306 timore
1087 1281 1416 1318 supervacaneum

103 1340 162 1372 est
195 1334 398 1383 disserere,
430 1347 550 1384 quum
585 1333 804 1383 praesertim
845 1333 1052 1383 diligentia
1092 1333 1299 1371 clarissimi
1330 1334 1416 1383 viri,

101 1397 282 1447 consulis,
302 1396 413 1435 tanta
440 1397 623 1448 praesidia
652 1397 731 1434 sint
752 1397 791 1434 in
812 1398 940 1435 armis.
1001 1397 1060 1435 De
1079 1411 1191 1448 poena
1211 1411 1416 1448 possumus

101 1451 280 1515 equidem
301 1463 431 1501 dicere
455 1464 479 1481 ¹⁴
494 1463 534 1500 id
554 1463 658 1514 quod
678 1476 740 1500 res
761 1463 900 1512 habet,
926 1463 964 1500 in
986 1463 1096 1501 luctu
1112 1470 1229 1514 atque
1246 1464 1415 1502 miseriis

99 1534 265 1568 mortem
304 1542 564 1568 aerumnarum
610 1529 797 1580 requiem,
828 1542 904 1567 non
945 1530 1161 1567 cruciatum
1203 1543 1298 1580 esse,
1329 1543 1413 1568 eam

99 1599 239 1640 cuncta
258 1593 482 1630 mortalium
503 1593 607 1630 mala
628 1592 861 1640 dissolvere3
894 1593 1000 1630 ultra
1019 1606 1144 1644 neque
1167 1606 1269 1630 curae
1288 1606 1414 1644 neque

98 1657 241 1708 gaudio
262 1657 390 1694 locum
410 1669 503 1693 esse.
555 1656 644 1702 Sed,
664 1669 732 1705 per
752 1656 845 1693 deos
867 1656 1130 1694 immortales!
1161 1657 1412 1707 quamobrem

98 1723 137 1760 in
167 1721 402 1760 sententiam
437 1733 513 1757 non
543 1720 743 1768 addidisti,
774 1720 834 1756 uti
873 1720 982 1770 prius
1012 1721 1240 1758 verberibus
1274 1721 1314 1757 in
1348 1734 1414 1758 eos

98 1785 503 1825 animadverteretur?
563 1785 668 1822 ¹⁵An
687 1785 779 1835 quia
799 1784 862 1821 lex
885 1785 1026 1825 Porcia
1047 1786 1182 1822 vetat?
1241 1786 1299 1823 At
1324 1785 1413 1823 aliae

98 1852 206 1902 leges
239 1852 334 1893 item
369 1850 638 1888 condemnatis
678 1849 942 1887 civibus-non
983 1850 1152 1887 animam
1194 1850 1303 1900 eripi,
1343 1851 1411 1887 sed

97 1917 280 1956 exsilium
301 1914 479 1966 permitti
505 1915 654 1964 jubent.
714 1914 780 1951 An
808 1914 900 1965 quia
934 1915 1092 1964 gravius
1122 1919 1182 1952 est
1212 1915 1411 1953 verberari

95 1985 210 2034 quam
230 1980 388 2018 necari?
446 1978 550 2024 Quid
585 1983 713 2016 autem
748 1979 929 2016 acerbum
960 1983 1028 2016 aut
1060 1979 1178 2016 nimis
1203 1993 1320 2029 grave
1350 1986 1410 2017 est

96 2045 136 2083 in
165 2045 341 2082 homines
362 2043 463 2080 tanti
483 2042 666 2079 facinoris
686 2042 909 2079 convictos?
967 2042 1048 2091 Sin,
1068 2043 1161 2094 quia
1180 2042 1304 2080 levius
1326 2050 1406 2093 est,

98 2111 124 2129 ¹⁰
139 2114 206 2161 qui
235 2108 416 2154 convenit
443 2108 482 2144 in
511 2107 659 2144 minore
680 2106 836 2156 negotio
866 2106 991 2156 legem
1013 2107 1162 2156 timere,
1182 2121 1301 2158 quum
1323 2120 1408 2144 eam

96 2174 136 2212 in
156 2175 303 2223 majore
323 2171 574 2222 neglexeris?
610 2172 634 2188 ¹⁷
650 2171 708 2208 At
729 2170 831 2211 enim
847 2171 937 2222 quis
956 2171 1227 2221 reprehendet,
1242 2171 1346 2221 quod
1368 2172 1408 2208 in

94 2237 310 2288 parricidas
340 2235 398 2273 rci
426 2235 593 2285 publicae
627 2234 828 2272 decretum
859 2235 956 2283 erit?
1016 2235 1198 2284 Tempus,
1220 2235 1313 2283 dies,
1334 2235 1408 2272 for-

95 2308 202 2349 tuna,
217 2302 328 2350 cujus
348 2300 471 2338 libido
492 2299 675 2349 gentibus
694 2299 927 2336 moderatur.
974 2299 1065 2336 Illis
1085 2299 1224 2335 merito
1245 2298 1407 2349 accidet,

95 2364 287 2417 quidquid
320 2364 515 2412 evenerit3
547 2369 719 2400 ceterum
753 2377 832 2413 vos,
851 2370 983 2414 patres
1017 2363 1238 2412 conscripti,
1272 2363 1406 2414 18quid

95 2430 136 2467 in
165 2429 262 2467 alios
294 2429 490 2479 statuatis,
524 2428 776 2466 considerate.
837 2428 980 2467 Omnia
1013 2427 1116 2465 mala
1151 2427 1328 2478 exempla
1357 2428 1406 2466 e'x
