1586 2600
456 742 508 791 O.
561 741 780 791 CRISPI
829 739 1187 789 SALLUSTII

679 883 986 922 BELLUM

242 999 1419 1065 JUGURTHINUM.

258 1311 290 1350 I.
337 1311 495 1350 'FALso
534 1313 714 1364 queritur
747 1313 794 1351 de
827 1317 970 1351 natura
1004 1325 1074 1350 sua
1107 1325 1230 1362 genus
1263 1311 1490 1361 humanum,

175 1374 292 1425 quod,
312 1374 511 1414 imbecilla
531 1381 648 1427 atque
669 1376 743 1414 aevi
771 1375 912 1425 brevis,
931 1375 1034 1413 forte
1053 1375 1186 1425 potius
1205 1387 1320 1426 quam
1342 1373 1491 1411 virtute

175 1443 346 1488 regatur.
398 1439 501 1478 Nam
522 1447 658 1478 eontra
678 1441 690 1458 ²
704 1439 922 1490 reputando
942 1451 1068 1490 neque
1089 1440 1216 1488 majus
1237 1437 1346 1475 aliud
1364 1449 1491 1488 neque

175 1504 442 1554 praestabilius
470 1505 657 1554 invenias,
689 1505 891 1556 magisque
919 1510 1071 1542 naturae
1105 1504 1340 1541 industriam
1372 1501 1492 1540 homi-

177 1581 271 1606 num
290 1581 409 1620 quam
427 1569 507 1607 vim
528 1575 597 1606 aut
626 1575 780 1619 tempus
801 1569 946 1606 deesse.
1006 1568 1084 1606 Sed
1116 1568 1197 1604 dux
1228 1572 1345 1618 atque
1356 1563 1493 1616 ‘impe-

178 1637 287 1670 rator
306 1633 399 1671 vitae
418 1633 644 1670 mortalium
679 1634 832 1670 animus
861 1638 943 1681 est,
974 1632 1054 1683 qui,
1074 1631 1142 1668 ubi
1164 1631 1212 1668 ad
1233 1631 1398 1681 gloriam
1419 1630 1493 1668 vir-

179 1696 279 1734 tutis
309 1696 373 1734 via
413 1697 651 1747 ⁸grassatur,
682 1697 835 1734 abunde
866 1696 1017 1747 pollens
1047 1700 1262 1746 potensque
1294 1700 1334 1732 et
1364 1694 1494 1732 clarus

179 1765 253 1810 est,
286 1773 412 1812 neque
451 1761 610 1799 fortuna
644 1767 753 1812 eget:
795 1761 937 1812 quippe
971 1760 1221 1810 probitatem,
1256 1759 1492 1797 industriam

181 1824 356 1876 aliasque
390 1830 495 1864 artes
525 1825 646 1864 bonas
679 1839 804 1877 neque
839 1826 931 1863 dare
966 1837 1092 1876 neque
1127 1824 1277 1874 eripere
1311 1823 1492 1875 cuiquam

179 1895 319 1942 potest.
378 1891 489 1941 ⁴Sin,
521 1897 658 1942 eaptus
691 1891 821 1943 pravis
855 1890 1117 1941 cupidinibus,
1151 1890 1202 1927 ad
1236 1889 1419 1927 inertiam
1453 1894 1494 1926 et

180 1954 403 2004 voluptates
441 1955 611 2004 corporis
654 1955 928 2005 pessumdatus
966 1960 1037 2003 est,
1071 1953 1288 2004 perniciosa
1326 1952 1492 1990 libidine

180 2018 380 2070 paulisper
405 2011 598 2068 usussubi
629 2033 697 2069 per
726 2019 941 2057 socordiam
971 2019 1086 2067 vires,
1106 2022 1271 2067 tempus,
1292 2016 1493 2066 ingenium

182 2083 390 2132 defluxere,
410 2088 561 2121 naturae
591 2083 797 2121 infirmitas
817 2089 1043 2121 accusatur:
1076 2084 1087 2100 ‘⁷
1101 2096 1210 2120 suam
1231 2082 1396 2133 quisque
1416 2080 1494 2118 cul-

121 2179 130 2193 ,
181 2161 271 2198 pam
292 2152 470 2185 auctores
491 2147 540 2185 ad
570 2147 728 2197 negotia
748 2148 1001 2185 transferunt.
1061 2146 1175 2192 Quod
1208 2146 1241 2184 si
1270 2144 1494 2182 hominibus

181 2211 371 2251 bonarum
406 2225 534 2249 rerum
568 2217 679 2249 tanta
699 2225 791 2249 cura
811 2217 925 2261 esset,
955 2213 967 2229 ⁶
981 2217 1128 2263 quanto
1150 2210 1280 2249 studio
1301 2209 1430 2246 aliena
1450 2221 1493 2246 ac

181 2275 283 2314 nihil
299 2277 505 2326 profutura
526 2276 772 2327 multumque
793 2276 911 2314 etiam
933 2276 1151 2326 periculosa
1170 2278 1322 2325 petunt,
1342 2274 1354 2291 ⁷
1367 2286 1493 2325 neque

183 2345 412 2390 regerentur
432 2340 568 2390 magis,
589 2354 706 2391 quam
727 2346 908 2390 regerent
938 2353 1062 2389 casus,
1084 2344 1123 2377 et
1144 2352 1187 2376 eo
1209 2337 1494 2388 magnitudinis

184 2404 449 2455 procederent,
468 2405 528 2443 uti
548 2418 617 2455 pro
638 2404 872 2443 mortalibus
897 2404 1023 2455 gloria
1043 2402 1181 2441 aeterni
1200 2402 1348 2440 fierent.
