1630 2626
202 155 252 190 52
548 167 591 192 c.
640 167 821 194 03151‘1
866 169 1170 198 SALLUSTII.

200 279 346 304 memor
370 267 523 317 generis
542 274 658 320 atque
687 270 863 320 pristinae
883 283 962 309 suae
992 271 1206 323 dignitatis,
1225 273 1265 310 in
1284 274 1479 312 confertis-

199 330 315 367 simos
332 330 462 368 hostes
482 332 655 382 incurrit,
675 333 805 384 ibique
825 347 998 383 pugnans
1018 335 1243 373 confoditur.

278 393 387 431 LXI.
420 394 496 432 Sed
516 396 689 432 confecto
719 396 864 445 proelio,
885 402 966 433 tum
987 410 1076 434 vero
1107 399 1115 415 ¹
1130 410 1315 448 cerneres,
1333 404 1478 450 quanta.

196 457 356 494 audacia
383 463 601 508 quantaque
631 459 688 495 vis
719 459 837 495 animi
866 459 1003 496 fuisset
1034 460 1072 496 in
1093 460 1266 498 exercitu
1286 461 1474 500 Catilinae.

197 519 297 556 Nam
331 520 421 568 fere,
441 533 554 571 quem
587 521 747 571 quisque
778 522 887 559 vivus
920 522 1137 571 pugnando
1156 522 1281 560 locum
1314 528 1477 573 ceperat,

195 597 293 636 eum,
321 585 460 622 amissa
491 585 629 633 anima,
657 597 811 636 corpore
840 585 1004 634 tegebat.
1063 585 1184 623 Pauci
1214 591 1353 636 autem,
1381 599 1476 637 quos

193 650 366 687 'medios
399 648 532 686 cohors
569 649 749 697 praetoria
783 649 999 697 disjecerat,
1032 649 1146 698 paulo
1177 649 1375 698 diversius,
1409 650 1475 687 sed

193 725 323 750 omnes
360 717 489 748 tamen
525 711 696 749 adversis
727 711 950 748 vulneribus
980 712 1235 748 conciderant.
1307 711 1475 750 Catilina

191 787 281 812 vero
314 774 426 823 longe
467 787 489 810 a
522 774 601 810 suis
635 773 735 810 inter
772 773 941 810 hostium
981 774 1166 811 cadavera
1198 780 1372 824 repertus
1405 780 1474 824 est,

189 836 389 886 paululum
424 836 540 872 etiam
575 836 734 885 spirans,
763 836 1019 886 ferociamque
1050 837 1179 885 animi,
1212 851 1325 887 quam
1358 837 1474 875 habu—

190 904 274 937 erat
305 899 426 948 vivus,
459 899 499 935 in
531 899 642 936 vultu
670 898 848 943 retinens.
921 899 1122 936 Postremo
1155 912 1202 936 ex
1230 899 1332 936 omni
1365 900 1472 949 copia

187 975 311 1013 neque
342 962 381 998 in
415 961 549 1012 proelio
579 974 703 1012 neque
736 961 774 997 in
807 962 899 1010 fuga
918 961 1120 1011 quisquam
1150 961 1266 999 'civis
1285 962 1472 1010 ingenuus

188 1031 322 1075 captus
354 1030 432 1062 est:
463 1027 519 1062 ita
538 1025 666 1061 cuncti
699 1037 778 1062 suae
808 1024 1051 1074 hostiumque
1081 1024 1172 1061 vitae
1200 1025 1314 1072 juxta.
1342 1037 1471 1074 peper-

187 1076 342 1126 cerants
378 1088 423 1125 <N
429 1101 524 1138 eque
545 1092 675 1124 tamen
695 1087 888 1124 exercitus
907 1086 1039 1136 populi
1059 1087 1226 1124 Romani
1256 1087 1384 1124 laetam
1403 1091 1471 1124 aut

186 1152 427 1189 incruentam
460 1151 660 1188 victoriam
691 1150 853 1199 adeptus
885 1154 987 1198 erat3
1029 1163 1116 1186 nam
1155 1149 1470 1187 ‘strenuissimus

185 1216 346 1266 quisque
377 1219 445 1251 aut
475 1213 668 1250 occiderat
699 1213 737 1249 in
771 1212 916 1261 proelio,
946 1216 1012 1248 aut
1044 1211 1213 1260 graviter
1244 1210 1469 1249 vulneratus

185 1277 423 1314 discesserat.
483 1275 601 1312 Multi
621 1279 762 1322 autem,
781 1274 848 1324 qui
868 1273 914 1310 de
935 1273 1071 1310 castris
1099 1273 1254 1312 visundi
1273 1278 1339 1310 aut
1358 1273 1469 1322 spoli-

183 1339 275 1378 andi
304 1338 430 1388 grafia
449 1341 721 1387 processerant,
741 1336 937 1374 volventes
961 1335 1118 1372 hostilia
1147 1335 1344 1384 cadavera,
1374 1334 1467 1372 ami-

183 1415 269 1440 cum
299 1402 311 1420 ‘²
328 1401 406 1450 alii,
426 1413 514 1450 pars
534 1400 724 1449 hospitem
744 1404 811 1436 aut
832 1403 1035 1448 cognatum
1065 1398 1330 1447 reperiebant3
1360 1397 1466 1435 fuere

183 1465 287 1514 item,
302 1463 369 1515 qui
388 1463 563 1500 inimicos
583 1475 670 1500 suos
689 1466 968 1511 cognoscerent.
1026 1461 1090 1498 Ita
1107 1461 1211 1498 varie
1230 1473 1298 1510 per
1316 1473 1465 1498 omnem

182 1528 394 1566 exercitum
414 1528 426 1545 ⁶
439 1526 590 1575 laetitia,
605 1538 753 1575 moeror,
768 1525 905 1573 luctus,
918 1528 1032 1574 atque
1052 1522 1193 1572 gandia
1207 1522 1462 1579 agitabuntur.

1344 1590 1364 1610 'x
