1566 2586
212 173 286 211 110
558 187 599 211 o.
650 187 829 212 cmsm
876 187 1155 213 SALLnsTn

203 286 379 336 fuissent,
419 287 452 325 is
488 289 698 326 communis
734 289 935 339 utriusque
971 289 1102 339 populi
1137 289 1224 327 finis
1259 289 1487 329 habereturff

205 349 333 400 Igitur
355 350 588 400 Carthagine
610 352 684 389 duo
704 352 844 390 fratres
863 353 983 402 missi,
1004 353 1016 370 ⁶
1031 352 1172 402 quibus
1189 365 1329 390 nomen
1349 353 1488 391 Philae-

202 414 263 452 nis
283 421 376 463 erat,
397 420 636 452 maturavere
657 416 730 452 iter
750 429 928 465 pergere:
961 415 1199 466 Cyrenenses
1219 417 1368 454 tardius
1395 417 1484 455 iere.

204 477 253 515 Id
282 478 503 515 socordiane
537 491 584 515 an
618 491 708 515 casu
735 479 929 527 acciderit,
949 492 1082 528 parum
1107 479 1287 529 cognovi:
1317 485 1486 518 ceterum

204 540 327 578 ‘solet
360 541 399 578 in
430 541 508 577 illis
542 541 636 578 locis
669 545 877 590 tempestas
911 541 1012 578 haud
1047 554 1156 579 secus
1185 547 1300 592 atque
1331 542 1369 580 in
1389 543 1486 580 mari

201 604 376 640 retinere.
435 604 534 640 Nam
560 603 626 641 ubi
658 617 725 654 per
746 604 828 641 loca
847 604 1012 655 aequalia
1041 610 1079 642 et
1099 606 1111 623 ⁷
1125 605 1227 642 nuda
1244 605 1485 655 gignentium

200 672 338 703 ventus
358 671 509 704 coortus
529 680 682 704 arenam
703 667 817 704 humo
846 667 1041 717 excitavit,
1061 680 1105 705 ea
1125 681 1263 718 magna
1281 668 1320 706 vi
1339 669 1485 718 agitata

200 742 266 765 ora
285 729 488 779 oculosque
508 729 666 779 implere
687 729 804 767 solet:
827 730 893 779 ita,
912 735 1112 780 prospectu
1131 731 1326 781 impedito,
1344 731 1484 769 morari

200 791 283 829 iter.
342 792 552 842 Postquam
588 791 825 842 Cyrenenses
855 793 1078 843 ⁸aliquant0
1112 793 1341 842 posteriores
1373 806 1413 831 se
1431 794 1484 831 vi-

200 855 302 903 dent,
323 860 361 891 et
381 855 428 892 ob
449 868 527 892 rem
549 861 763 904 corruptam
786 855 887 892 domi
919 869 1048 905 poenas
1081 861 1269 905 metuunt,
1288 857 1483 894 criminari

201 917 537 967 Carthaginienses
571 923 658 955 ante
697 923 847 967 tempus
882 919 992 955 domo
1024 918 1225 968 digressos,
1255 919 1481 957 conturbare

197 994 290 1029 rem,
310 981 474 1030 denique
507 981 634 1017 omnia
669 981 796 1028 malle,
816 994 930 1031 quam
960 981 1053 1017 victi
1083 981 1198 1018 abire.
1257 981 1333 1019 Sed
1363 995 1481 1032 quum

198 1042 309 1079 Poeni
347 1043 462 1079 aliam
504 1043 772 1090 conditionem,
805 1042 1070 1079 tantummodo
1107 1055 1266 1093 aequam,
1296 1047 1481 1094 peterent,

198 1104 349 1143 ”Graeei
383 1105 576 1154 optionem
612 1104 987 1154 Carthaginiensium
1025 1105 1184 1154 faciunt,
1225 1107 1290 1142 ‘ut
1322 1105 1383 1143 vel
1411 1106 1481 1156 illi,

196 1182 291 1220 quos
322 1170 415 1206 fines
446 1169 586 1219 populo
617 1182 683 1206 suo
716 1173 902 1218 peterent,
934 1169 986 1206 ibi
1020 1169 1097 1206 vivi
1128 1169 1390 1219 obruerentur,
1418 1171 1480 1208 vel

197 1234 330 1271 eadem
351 1234 569 1271 conditione
590 1247 683 1282 sese,
702 1247 815 1284 quem
837 1234 875 1270 in
895 1233 1018 1270 locum
1041 1233 1196 1282 vellent,
1214 1236 1478 1283 processuros.’

197 1295 375 1342 Philaeni,
416 1297 441 1314 ¹⁰
457 1295 675 1332 conditione
709 1295 880 1344 probata,
914 1307 1028 1344 seque
1062 1295 1257 1345 vitamque
1287 1308 1395 1333 suam
1422 1296 1480 1333 rei

194 1357 359 1408 publieae
393 1358 672 1394 condonavere:
704 1357 759 1394 ita
778 1357 855 1394 vivi
887 1357 1024 1394 obruti.
1083 1356 1421 1407 Carthaginienses
1439 1359 1478 1396 in

195 1433 238 1457 eo
259 1420 340 1457 loco
363 1420 549 1458 Philaenis
569 1420 754 1458 fratribus
776 1421 799 1437 ¹¹
814 1433 898 1456 aras
918 1433 1205 1458 consecravere:
1236 1420 1379 1471 aliique
1399 1421 1478 1459 illis

195 1483 297 1520 domi
317 1483 478 1520 honores
499 1482 679 1519 instituti.
738 1482 850 1519 Nunc
871 1482 918 1519 ad
942 1495 1021 1519 rem
1041 1483 1164 1519 redeo.

275 1546 443 1583 LXXX.
476 1546 505 1583 J
509 1546 675 1595 ugurtha
703 1550 918 1596 postquam,
939 1546 1078 1583 amissa
1099 1546 1235 1595 Thala,
1254 1547 1354 1584 nihil
1383 1548 1477 1586 satis

193 1603 343 1646 firmum
364 1614 496 1646 eontra
517 1608 718 1645 Metellum
739 1613 862 1657 putat,
881 1621 947 1657 per
967 1621 1124 1657 magnas
1144 1609 1372 1647 solitudines
1391 1623 1476 1648 eum

192 1673 323 1722 paucis
353 1673 556 1722 profectus,
589 1672 764 1722 pervenit
806 1672 876 1708 ¹ad
917 1671 1102 1721 Gaetulos,
1130 1685 1249 1722 genus
1280 1673 1475 1711 hominum

192 1735 315 1771 ferum
347 1734 622 1783 incultumque,
651 1739 690 1770 et
723 1746 766 1770 eo
797 1738 967 1782 tempore
999 1734 1174 1783 ignarum
1207 1734 1371 1772 nominis
1401 1735 1477 1773 Ro-

191 1797 304 1834 mani.
363 1797 507 1834 Eorum
539 1796 828 1833 multitudinem
859 1796 923 1832 ²in
952 1810 1070 1833 unum
1091 1797 1205 1846 cogit,
1226 1809 1268 1834 ac
1288 1797 1474 1847 paulatim

188 1860 426 1908 ,consuefacit
445 1859 597 1896 ordines
616 1859 767 1906 habere,
787 1859 895 1908 signa
910 1860 1028 1909 sequi,
1044 1859 1245 1909 imperium
1265 1860 1475 1909 observare,

191 1922 284 1959 item
305 1921 381 1958 alia
401 1921 586 1958 militaria
604 1921 737 1958 facere.
797 1921 991 1959 Praeterea
1022 1922 1124 1971 regis
1155 1922 1299 1960 Bocchi
1327 1922 1475 1972 ’proxi-

190 1997 272 2022 mos
292 1985 440 2033 magnis
469 1984 692 2021 muneribus
712 1989 751 2021 et
781 1984 990 2033 majoribus
1020 1985 1216 2034 promissis
1236 1984 1285 2022 ad
1303 1983 1473 2022 studium

192 2037 250 2086 sui
279 2047 477 2097 perducit3
509 2052 594 2096 quis
624 2047 866 2096 adjutoribus
900 2060 1026 2096 regem
1063 2059 1264 2096 aggressus
1296 2046 1473 2096 impellit,

190 2111 250 2148 uti
287 2110 487 2148 adversum
527 2109 722 2147 Romanos
759 2109 905 2147 bellum
943 2110 1111 2159 incipiat.
1186 2109 1235 2147 Id
1268 2122 1312 2146 ea
1347 2111 1473 2160 gratia.

191 2175 202 2192 ⁴
216 2173 367 2211 facilius
397 2172 627 2222 proniusque
647 2172 733 2221 fuit,
753 2173 855 2222 quod
877 2172 1052 2210 Bocchus
1071 2171 1182 2210 initio
1201 2171 1359 2222 hujusce
1378 2172 1472 2211 belli

190 2237 338 2286 legatos
359 2236 521 2273 Romam
542 2235 710 2283 miserat,
724 2235 847 2272 foedus
864 2240 902 2272 et
922 2234 1131 2272 amicitiam
1150 2234 1335 2284 petitum:
1357 2248 1470 2286 quam

190 2315 269 2339 rem
286 2299 643 2350 opportunissimam
665 2298 816 2348 incepto
832 2298 934 2337 bello
949 2298 1059 2348 pauci
1078 2297 1366 2350 impediverant,
1381 2299 1472 2338 eaeci

190 2363 363 2414 avaritia,
381 2367 468 2414 quis
487 2361 804 2410 omnim-honesta
833 2366 948 2413 atque
967 2360 1179 2410 inhonesta,
1197 2361 1361 2400 vendere
1388 2374 1471 2401 mos
