1630 2612
213 192 258 228 18
559 201 602 225 0.
652 201 831 226 CRISPI
877 200 1158 229 saLLusrn

207 314 331 364 coepit.
389 314 518 364 Igitur
537 314 611 351 ²ex
632 313 780 351 divitiis
806 315 1050 363 juventutem
1081 312 1236 350 luxuria
1265 316 1381 364 atque
1410 325 1494 352 ava-

206 377 296 414 ritia
338 390 423 414 cum
466 377 643 426 superbia
685 377 879 414 invasere:
925 376 1094 425 ³rapere,
1133 387 1380 425 consumere;
1425 388 1494 414 sua

206 440 311 490 parvi
332 440 507 489 pendere,
527 440 652 476 aliena
671 452 807 488 cupere
825 453 831 487 3
863 440 874 456 ⁴
887 439 1083 488 pudorem,
1102 438 1341 488 pudicitiam,
1363 438 1494 476 divina

206 509 320 554 atque
336 504 500 540 humana
515 503 739 553 promiscua,
752 503 848 539 nihil
869 502 976 552 pensi
992 515 1114 552 neque
1130 502 1318 539 moderati
1337 502 1490 539 habere.

204 565 372 615 ‘’Operae
391 566 558 614 pretium
585 571 654 614 est,
673 578 790 615 quum
822 564 953 601 domos
983 569 1098 614 atque
1128 563 1241 600 villas
1271 563 1494 612 cognoveris

207 629 245 666 in
265 630 417 667 urbium
438 630 592 666 modum
613 629 879 677 exaedificatas,
899 628 1020 665 visere
1049 627 1192 677 templa
1219 627 1388 676 deorum,
1407 639 1494 677 quae

206 693 326 730 nostri
346 695 520 742 majores,
540 693 818 742 religiosissimi
838 692 1030 741 mortales,
1051 691 1184 729 fecere.
1242 690 1388 728 Verum
1408 691 1420 708 ⁰
1433 689 1494 727 illi

207 757 365 793 delubra
399 757 555 794 deorum
588 757 744 806 pietate,
779 756 910 793 domos
947 768 1034 792 suas
1071 755 1196 804 gloria
1233 755 1489 804 decorabant3

205 832 328 870 neque
348 819 460 856 victis
479 819 688 869 quidquam
709 823 847 868 praeter
864 818 1015 866 injuriae
1041 818 1238 855 licentiam
1265 817 1489 867 eripiebant.

206 883 263 920 At
292 883 330 919 hi
364 888 495 920 contra
529 883 767 932 ignavissimi
800 882 983 931 homiues,
1013 883 1105 931 ⁷per
1142 894 1331 918 summum
1365 881 1492 918 scelus

206 946 333 983 onmia
353 959 396 983 ea
423 946 534 983 sociis
565 946 744 994 adimere,
764 958 849 995 quae
879 944 1079 981 fortissimi
1109 944 1182 981 viri
1212 943 1377 981 victores
1406 942 1493 980 reli·

205 1015 392 1060 querant3
437 1009 594 1059 proinde
625 1009 734 1059 quasi
763 1007 943 1057 injuriam
972 1008 1097 1044 facere
1132 1007 1171 1044 id
1205 1007 1359 1044 demum
1393 1010 1494 1044 esset

206 1072 365 1122 imperio
386 1073 453 1109 uti.

285 1134 407 1171 XIII.
441 1134 541 1171 Nam
561 1133 654 1184 quid
675 1146 719 1170 ea
738 1145 956 1181 memorem,
974 1145 1070 1182 quae,
1083 1131 1157 1169 nisi
1176 1131 1247 1180 his,
1266 1131 1332 1182 qui
1350 1131 1493 1181 videre,

205 1197 351 1234 nemini
379 1197 580 1234 credibilia
609 1201 709 1246 sunt,
736 1209 757 1232 a
787 1195 947 1245 privatis
978 1195 1237 1244 compluribus
1268 1194 1492 1232 'subversos

205 1264 366 1308 montes,
399 1259 521 1295 maria
554 1263 772 1295 constructa
805 1258 916 1294 esse?
973 1257 1148 1301 ²Quibus
1182 1256 1276 1294 mihi
1312 1257 1493 1294 videntur

205 1322 374 1359 ludibrio
401 1322 519 1359 fuisse
549 1321 721 1369 divitiae;
755 1321 906 1370 quippe,
927 1333 1021 1370 quas
1050 1320 1207 1357 honeste
1237 1319 1377 1357 habere
1404 1319 1493 1356 lice-

1514 491 1533 523 7.

206 1385 284 1433 bat,
305 1385 413 1424 abuti
432 1397 498 1434 per
518 1384 797 1434 turpitudinem
817 1384 1081 1432 properabant.
1123 1383 1199 1421 Sed
1218 1382 1340 1420 libido
1359 1395 1492 1432 ganeae
1516 1413 1518 1416 ,

206 1448 426 1498 'ceterique
465 1448 592 1484 cultus
624 1461 698 1484 non
731 1447 854 1483 minor
888 1447 1119 1495 incesserat3
1161 1445 1339 1483 vescendi
1376 1458 1491 1483 causa

206 1517 309 1549 terra
329 1513 502 1562 marique
518 1511 644 1549 omnia
665 1512 676 1529 ⁴
691 1511 889 1561 exquirere
905 1524 911 1559 3
935 1510 1100 1547 dormire
1116 1510 1221 1559 prius
1237 1522 1350 1560 quam
1368 1509 1491 1546 somni

206 1576 344 1626 cupido
376 1581 500 1624 esset,
541 1588 615 1612 non
648 1575 788 1611 famem
821 1579 888 1610 aut
919 1573 1035 1622 sitim,
1063 1585 1186 1623 neque
1216 1573 1337 1622 frigus
1368 1584 1491 1622 neque

206 1639 473 1676 lassitudinem
494 1637 670 1687 opperiri,
690 1637 756 1674 sed
777 1650 820 1674 ea
841 1637 966 1674 omnia
994 1637 1088 1673 luxu
1117 1641 1350 1684 antecapere.
1394 1634 1491 1672 Haec

203 1703 446 1751 juventutem
487 1702 554 1739 ubi
593 1701 826 1737 ⁵familiares
860 1713 949 1750 opes
983 1699 1212 1747 defecerant,
1243 1698 1291 1735 ad
1321 1697 1492 1735 facinora

206 1765 471 1802 incendebant.
529 1764 695 1800 Animus
716 1763 886 1800 imbutus
910 1762 1022 1799 malis
1046 1762 1194 1799 artibus
1224 1761 1351 1798 ‘haud
1378 1760 1491 1798 facile

206 1827 433 1864 libidinibus
466 1827 641 1863 carebat:
684 1839 727 1862 eo
754 1825 945 1875 profusius
974 1825 1148 1863 omnibus
1177 1823 1300 1862 modis
1326 1823 1491 1875 quaestui

207 1896 321 1941 atque
339 1890 506 1939 sumptui
529 1890 684 1926 deditus
704 1894 795 1926 erat.

285 1953 400 1991 XIV.
433 1952 480 1990 In
514 1957 622 1990 tanta
655 1958 809 2002 tamque
840 1956 1018 2001 corrupta
1049 1951 1217 2001 civitate,
1238 1949 1417 1999 Catilina,
1449 1949 1490 1986 id

206 2016 308 2067 quod
341 2016 447 2053 factu
479 2015 708 2052 facillimum
743 2020 836 2064 erat,
879 2015 1076 2052 ¹omnium
1115 2013 1346 2063 flagitiorum
1374 2017 1489 2063 atque

206 2081 418 2118 facinorum
449 2079 591 2116 circum
636 2092 686 2128 se,
724 2084 919 2129 tamquam
965 2078 1203 2127 stipatorum,
1233 2081 1404 2114 catervas
1427 2076 1490 2113 ha-

207 2145 332 2182 bebat.
391 2143 491 2181 Nam
519 2143 752 2195 quicumque
787 2142 1012 2192 impudicus,
1040 2141 1203 2190 adulter,
1239 2141 1338 2178 bona
1364 2139 1490 2189 patria

209 2207 453 2255 laceraverat,
484 2206 624 2257 quique
663 2206 856 2242 ²alicnum
887 2219 938 2243 aes
968 2204 1111 2254 grande
1145 2203 1384 2251 conflaverat,
1412 2215 1489 2254 quo

207 2269 398 2318 flagitium
423 2274 490 2306 aut
519 2269 666 2306 facinus
698 2269 929 2315 redimeret3
961 2272 1144 2317 praeterea
1164 2278 1294 2303 omnes
1319 2265 1488 2317 undique

208 2331 420 2381 parricidae,
449 2331 636 2381 sacrilegi,
664 2330 853 2369 ³convicti
870 2330 1040 2379 judiciis,
1070 2334 1136 2366 aut
1165 2342 1232 2378 pro
1252 2329 1365 2366 factis
1389 2328 1490 2378 judi-

209 2393 310 2431 cium
338 2394 542 2444 timentes,
573 2395 622 2432 ad
649 2394 730 2444 hoc,
749 2405 844 2444 quos
873 2405 1008 2431 manus
1027 2397 1142 2443 atque
1171 2391 1304 2441 lingua
1320 2390 1488 2442 perjurio
