1630 2626
277 193 326 229 68
625 203 667 229 c.
717 204 896 231 cR1sr1
943 205 1221 242 sinnius-1⁸11

273 305 328 343 tia
346 305 432 356 fuit,
453 306 463 324 ¹
479 306 680 356 attingere.
738 306 815 345 Sed
845 308 858 326 ²
871 321 955 358 quae
974 308 1057 346 loca
1077 313 1116 347 et
1134 309 1308 348 nationes
1327 309 1376 350 ob
1391 311 1554 349 calorem

273 373 340 404 aut
360 368 618 418 asperitatem,
639 369 731 406 item
763 370 991 407 solitudines
1017 371 1143 409 minus
1172 372 1418 424 frequentata
1434 379 1550 424 sunt,

271 430 319 467 de
352 430 399 468 iis
428 431 531 468 haud
563 432 676 468 facile
708 437 944 482 compertum
976 434 1232 483 narraverim3
1276 440 1404 473 cetera
1435 449 1551 487 quam

269 493 509 543 paucissimis
528 494 731 532 absolvam.

349 556 395 593 In
412 556 597 594 divisione
614 557 716 595 orbis
731 562 845 595 terrae
862 557 1034 609 plerique
1054 559 1114 596 ξ’111
1127 559 1365 609 parte.tertia
1379 560 1553 598 Africam

270 630 451 667 posuere3
482 619 593 668 pauci
623 621 891 658 tantummodo
920 621 1056 658 Asiam
1088 626 1128 659 et
1147 621 1342 672 Europam
1373 635 1466 671 esse,
1486 623 1554 660 sed

273 681 447 717 Africam
479 681 518 717 in
540 681 704 731 Europa.
762 683 773 700 ⁴
792 682 850 720 Ea
879 683 972 720 fines
991 683 1108 721 habet
1127 683 1178 736 ab
1194 684 1390 722 occidente
1408 684 1551 722 fretum

275 746 396 781 nostri
430 745 546 782 maris
577 750 616 781 et
651 744 817 794 Oceani;
848 745 895 783 ab
926 750 1013 783 ortu
1043 740 1142 783 solis‘
1164 746 1351 785 declivem
1377 747 1550 785 latitudi-

274 819 372 855 nem,
391 820 504 857 quem
531 807 655 844 locum
679 807 958 846 Catabathmon
987 809 1122 846 incolae
1151 810 1354 859 appellant.
1410 810 1424 832 ⁵
1442 809 1551 848 Mure

275 881 429 918 saevum,
450 870 751 919 importuosum,
782 883 871 920 ager
902 871 1055 920 frugum
1086 872 1237 922 fertilis,
1266 872 1388 911 bonus
1412 873 1551 922 pecori,

273 931 408 968 arbore
427 931 653 969 infecundus
668 946 675 981 ;
707 933 798 970 coelo
815 938 991 984 terraque
1004 934 1163 983 penuria
1181 947 1375 984 aquarum.
1421 933 1551 972 Genus

273 996 470 1033 hominum
486 996 629 1034 salubri
649 1009 815 1046 corpore,
827 997 949 1046 velox,
964 998 1113 1046 patiens
1128 997 1300 1035 laborum
1315 1010 1322 1034 ;
1351 997 1550 1048 plerosque

273 1064 448 1097 senectus
467 1059 655 1108 dissolvit,
673 1060 748 1096 nisi
767 1060 834 1110 qui
853 1060 952 1097 ferro
981 1065 1048 1096 aut
1076 1060 1212 1098 bestiis
1231 1060 1410 1098 interiere
1420 1073 1433 1110 3
1461 1073 1549 1099 nam

272 1120 426 1158 morbus
455 1120 558 1157 haud
588 1133 686 1170 saepe
716 1133 945 1172 quemquam
975 1126 1138 1171 superat.
1195 1122 1261 1159 Ad
1290 1122 1361 1160 hoc
1387 1121 1548 1162 malefici

271 1184 422 1232 generis
453 1183 618 1233 plurima
648 1183 839 1221 animalia.
898 1183 974 1222 Sed
1004 1183 1096 1235 ‘qui
1114 1183 1296 1222 mortales
1315 1183 1427 1222 initio
1447 1183 1553 1222 Afri-

272 1259 354 1283 cam
375 1247 590 1295 habuerint,
602 1248 744 1298 quique
762 1252 895 1297 postea
911 1247 1151 1296 accesserint,
1164 1252 1231 1284 aut
1245 1247 1433 1297 quomodo
1453 1247 1556 1284 inter

271 1322 311 1346 se
345 1309 527 1359 permixti
560 1310 648 1358 sint,
677 1323 908 1360 quamquam
939 1310 986 1348 ab
1018 1323 1062 1347 ea
1094 1310 1207 1358 fama,
1240 1322 1326 1360 quae
1352 1309 1554 1359 plerosque

271 1371 431 1421 obtinet,
452 1372 644 1409 diversum
665 1377 734 1420 est,
750 1377 890 1421 tamen,
905 1372 964 1409 uti
983 1385 1030 1409 ex
1050 1372 1160 1410 libris
1181 1372 1349 1419 Punicis,
1369 1372 1435 1422 qui
1452 1371 1555 1421 regis

274 1435 512 1484 Hiempsalis
532 1435 770 1483 dicebantur,
790 1435 1083 1484 interpretatum
1103 1435 1212 1472 nobis
1233 1439 1302 1483 est,
1321 1434 1454 1484 utique
1474 1447 1555 1471 rem

271 1511 352 1536 sese
383 1499 523 1535 habere
544 1498 710 1535 cultores
743 1500 826 1548 ejus
859 1504 973 1536 terrae
999 1503 1148 1548 putant,
1167 1511 1280 1548 quam
1308 1498 1549 1547 paucissimis

271 1562 416 1598 dicam:
447 1566 615 1598 ceterum
636 1562 647 1578 ⁷
661 1561 753 1597 fides
773 1563 856 1610 ejus
883 1561 939 1598 rei
966 1574 1081 1610 penes
1101 1566 1276 1598 auctores
1294 1561 1377 1598 erit.

349 1623 513 1660 XVIII.
546 1623 720 1660 Africam
750 1623 861 1660 initio
890 1623 1056 1661 habuere
1086 1621 1230 1660 Gaetuli
1258 1627 1297 1659 et
1326 1621 1480 1671 Libyes,
1499 1634 1553 1659 as-

270 1686 353 1736 peri
386 1686 610 1736 incultique,
645 1687 755 1736 ¹quis
787 1686 894 1723 cibus
923 1690 1006 1722 erat
1033 1698 1119 1722 caro
1150 1685 1274 1722 ferina
1304 1689 1418 1735 atque
1446 1684 1553 1722 humi

269 1749 463 1798 pabulum,
492 1749 551 1785 uti
579 1748 788 1797 pecoribus.
860 1748 917 1785 Hi
950 1760 1072 1798 neque
1105 1747 1274 1785 moribus
1305 1759 1428 1798 neque
1455 1747 1552 1797 lege,

269 1817 337 1848 aut
356 1811 515 1860 imperio
536 1812 761 1860 cujusquam
781 1810 1032 1859 regebantur:
1064 1810 1162 1859 vagi,
1181 1810 1365 1860 palantes,
1383 1823 1459 1860 qua
1476 1823 1552 1847 nox

269 1878 456 1923 coegerat,
471 1873 580 1910 sedes
596 1873 797 1911 habebant,
843 1873 920 1911 Sed
939 1878 1142 1923 postquam
1162 1873 1201 1909 in
1218 1872 1408 1922 Hispania
1427 1873 1439 1891 ⁹
1453 1872 1551 1910 Her-

269 1937 384 1985 cules,
404 1936 518 1973 sicuti
539 1936 628 1973 Afri
647 1940 796 1986 putant,
815 1935 976 1984 interiit,
995 1935 1186 1972 exercitus
1206 1937 1300 1984 ejus,
1319 1934 1550 1984 compositus

269 2013 316 2037 ex
335 1999 452 2038 variis
471 1998 662 2047 gentibus,
683 1998 822 2036 amisso
843 1998 950 2044 duce,
969 2011 1012 2035 ac
1032 1998 1173 2048 passim
1193 1997 1338 2046 multis,
1355 1996 1431 2034 sibi
1449 1996 1549 2046 quis-

268 2075 352 2113 que,
372 2061 573 2111 imperium
593 2061 824 2110 petentibus,
843 2061 950 2099 brevi
969 2060 1163 2098 dilabitur.
1220 2059 1232 2077 ³
1246 2058 1308 2096 Ex
1328 2071 1372 2096 eo
1390 2070 1548 2096 numero

271 2123 388 2172 Medi,
420 2123 549 2159 Persae
582 2127 622 2159 et
650 2122 840 2170 Armenii,
859 2122 1022 2159 navibus
1052 2121 1092 2158 in
1125 2119 1299 2157 Africam
1329 2119 1546 2168 transvecti,

268 2186 460 2236 proximos
487 2190 617 2222 nostro
638 2184 735 2220 mari
766 2184 867 2221 locos
887 2180 1136 2233 occupa‘vere3
1167 2181 1233 2219 sed
1263 2181 1393 2219 Persae
1420 2181 1547 2219 ⁴intra

271 2248 465 2286 Oceanum
486 2247 628 2296 magis:
650 2246 764 2296 hique
786 2246 913 2283 alveos
932 2245 1086 2283 navium
1106 2244 1275 2280 inversos
1293 2255 1361 2292 pro
1381 2243 1547 2292 tuguriis

268 2311 445 2359 habuere,
463 2311 553 2362 quia
579 2322 700 2360 neque
729 2309 891 2346 materia
920 2309 959 2346 in
989 2308 1101 2358 agris,
1132 2318 1254 2361 neque
1283 2306 1330 2344 ab
1360 2305 1547 2356 Hispanis

268 2374 420 2411 emundi
452 2378 520 2411 aut
538 2372 714 2411 mutandi
743 2371 851 2422 copia
879 2376 981 2408 erat:
1011 2381 1114 2408 mare
1144 2381 1325 2418 magnum
1345 2373 1385 2406 et
1413 2369 1542 2419 ignara
