<?xml version="1.0" encoding="UTF-8"?>
<!DOCTYPE html PUBLIC "-//W3C//DTD XHTML 1.0 Transitional//EN"
    "http://www.w3.org/TR/xhtml1/DTD/xhtml1-transitional.dtd">
<html xmlns="http://www.w3.org/1999/xhtml" xml:lang="en" lang="en">
 <head>
  <title>
</title>
<meta http-equiv="Content-Type" content="text/html;charset=utf-8" />
  <meta name='ocr-system' content='tesseract 3.04.00' />
  <meta name='ocr-capabilities' content='ocr_page ocr_carea ocr_par ocr_line ocrx_word'/>
</head>
<body>
  <div class='ocr_page' id='page_1' title='image "./historyofconspir00salluoft_0078.png"; bbox 0 0 1630 2626; ppageno 0'>
   <div class='ocr_carea' id='block_1_1' title="bbox 0 0 81 2626">
    <p class='ocr_par' dir='ltr' id='par_1_1' title="bbox 0 0 81 2626">
     <span class='ocr_line' id='line_1_1' title="bbox 0 0 81 2626; baseline 0 0"><span class='ocrx_word' id='word_1_1' title='bbox 0 0 81 2626; x_wconf 95' lang='lat' dir='ltr'> </span> 
     </span>
    </p>
   </div>
   <div class='ocr_carea' id='block_1_2' title="bbox 276 196 1223 232">
    <p class='ocr_par' dir='ltr' id='par_1_2' title="bbox 276 196 1223 232">
     <span class='ocr_line' id='line_1_2' title="bbox 276 196 1223 232; baseline -0.004 0"><span class='ocrx_word' id='word_1_2' title='bbox 276 196 325 232; x_wconf 79' lang='lat' dir='ltr'>GG</span> <span class='ocrx_word' id='word_1_3' title='bbox 624 206 666 231; x_wconf 86' lang='lat' dir='ltr'>o.</span> <span class='ocrx_word' id='word_1_4' title='bbox 717 204 895 231; x_wconf 73' lang='lat' dir='ltr'>cn1S1³1</span> <span class='ocrx_word' id='word_1_5' title='bbox 943 203 1223 229; x_wconf 77' lang='lat' dir='ltr'>SALLUSTII</span> 
     </span>
    </p>
   </div>
   <div class='ocr_carea' id='block_1_3' title="bbox 274 304 1562 2364">
    <p class='ocr_par' dir='ltr' id='par_1_3' title="bbox 274 304 1562 2179">
     <span class='ocr_line' id='line_1_3' title="bbox 275 304 1557 356; baseline -0.003 -10"><span class='ocrx_word' id='word_1_6' title='bbox 275 309 334 346; x_wconf 87' lang='lat' dir='ltr'>dis</span> <span class='ocrx_word' id='word_1_7' title='bbox 354 307 584 356; x_wconf 83' lang='lat' dir='ltr'>volentibus,</span> <span class='ocrx_word' id='word_1_8' title='bbox 605 306 734 356; x_wconf 87' lang='lat' dir='ltr'>magni</span> <span class='ocrx_word' id='word_1_9' title='bbox 763 306 858 344; x_wconf 89' lang='lat' dir='ltr'>estis</span> <span class='ocrx_word' id='word_1_10' title='bbox 877 310 914 343; x_wconf 85' lang='lat' dir='ltr'>et</span> <span class='ocrx_word' id='word_1_11' title='bbox 937 305 1119 355; x_wconf 74' lang='lat' dir='ltr'><strong>opulenti,</strong></span> <span class='ocrx_word' id='word_1_12' title='bbox 1138 305 1264 343; x_wconf 84' lang='lat' dir='ltr'>omnia</span> <span class='ocrx_word' id='word_1_13' title='bbox 1294 304 1499 344; x_wconf 72' lang='lat' dir='ltr'>”secunda</span> <span class='ocrx_word' id='word_1_14' title='bbox 1518 308 1557 342; x_wconf 88' lang='lat' dir='ltr'>et</span> 
     </span>
     <span class='ocr_line' id='line_1_4' title="bbox 275 367 1554 420; baseline -0.004 -11"><span class='ocrx_word' id='word_1_15' title='bbox 275 371 497 409; x_wconf 77' lang='lat' dir='ltr'>obedientia</span> <span class='ocrx_word' id='word_1_16' title='bbox 518 375 628 418; x_wconf 76' lang='lat' dir='ltr'>sunt3</span> <span class='ocrx_word' id='word_1_17' title='bbox 651 382 726 420; x_wconf 88' lang='lat' dir='ltr'>quo</span> <span class='ocrx_word' id='word_1_18' title='bbox 745 370 897 406; x_wconf 77' lang='lat' dir='ltr'>facilius</span> <span class='ocrx_word' id='word_1_19' title='bbox 914 369 1101 406; x_wconf 87' lang='lat' dir='ltr'>sociorum</span> <span class='ocrx_word' id='word_1_20' title='bbox 1121 368 1282 417; x_wconf 87' lang='lat' dir='ltr'>injurias</span> <span class='ocrx_word' id='word_1_21' title='bbox 1301 381 1433 406; x_wconf 86' lang='lat' dir='ltr'>curare</span> <span class='ocrx_word' id='word_1_22' title='bbox 1448 367 1554 405; x_wconf 81' lang='lat' dir='ltr'>licet.</span> 
     </span>
     <span class='ocr_line' id='line_1_5' title="bbox 277 430 1556 482; baseline -0.004 -10"><span class='ocrx_word' id='word_1_23' title='bbox 277 435 446 472; x_wconf 79' lang='lat' dir='ltr'>Tantum</span> <span class='ocrx_word' id='word_1_24' title='bbox 478 433 575 470; x_wconf 91' lang='lat' dir='ltr'>illud</span> <span class='ocrx_word' id='word_1_25' title='bbox 604 445 747 480; x_wconf 87' lang='lat' dir='ltr'>vereor,</span> <span class='ocrx_word' id='word_1_26' title='bbox 780 446 828 469; x_wconf 90' lang='lat' dir='ltr'>ne</span> <span class='ocrx_word' id='word_1_27' title='bbox 855 445 950 482; x_wconf 86' lang='lat' dir='ltr'>quos</span> <span class='ocrx_word' id='word_1_28' title='bbox 981 431 1130 481; x_wconf 78' lang='lat' dir='ltr'>privata</span> <span class='ocrx_word' id='word_1_29' title='bbox 1160 431 1331 468; x_wconf 82' lang='lat' dir='ltr'>amicitia</span> <span class='ocrx_word' id='word_1_30' title='bbox 1350 430 1556 480; x_wconf 78' lang='lat' dir='ltr'>Jugurthae</span> 
     </span>
     <span class='ocr_line' id='line_1_6' title="bbox 274 493 1556 547; baseline -0.002 -14"><span class='ocrx_word' id='word_1_31' title='bbox 274 510 409 547; x_wconf 88' lang='lat' dir='ltr'>parum</span> <span class='ocrx_word' id='word_1_32' title='bbox 444 496 597 545; x_wconf 88' lang='lat' dir='ltr'>cognita</span> <span class='ocrx_word' id='word_1_33' title='bbox 630 501 868 532; x_wconf 85' lang='lat' dir='ltr'>transversos</span> <span class='ocrx_word' id='word_1_34' title='bbox 901 499 1001 543; x_wconf 85' lang='lat' dir='ltr'>agat,</span> <span class='ocrx_word' id='word_1_35' title='bbox 1021 506 1114 543; x_wconf 88' lang='lat' dir='ltr'>quos</span> <span class='ocrx_word' id='word_1_36' title='bbox 1144 506 1214 542; x_wconf 87' lang='lat' dir='ltr'>ego</span> <span class='ocrx_word' id='word_1_37' title='bbox 1247 493 1360 530; x_wconf 85' lang='lat' dir='ltr'>audio</span> <span class='ocrx_word' id='word_1_38' title='bbox 1389 493 1556 530; x_wconf 85' lang='lat' dir='ltr'>maxima</span> 
     </span>
     <span class='ocr_line' id='line_1_7' title="bbox 275 555 1546 609; baseline -0.004 -12"><span class='ocrx_word' id='word_1_39' title='bbox 275 573 344 609; x_wconf 90' lang='lat' dir='ltr'>ope</span> <span class='ocrx_word' id='word_1_40' title='bbox 364 560 448 608; x_wconf 89' lang='lat' dir='ltr'>niti,</span> <span class='ocrx_word' id='word_1_41' title='bbox 469 559 626 607; x_wconf 87' lang='lat' dir='ltr'>ambire,</span> <span class='ocrx_word' id='word_1_42' title='bbox 649 558 812 607; x_wconf 81' lang='lat' dir='ltr'>fatigare</span> <span class='ocrx_word' id='word_1_43' title='bbox 832 570 898 596; x_wconf 85' lang='lat' dir='ltr'>vos</span> <span class='ocrx_word' id='word_1_44' title='bbox 918 557 1100 606; x_wconf 87' lang='lat' dir='ltr'>singulos,</span> <span class='ocrx_word' id='word_1_45' title='bbox 1119 557 1190 593; x_wconf 72' lang='lat' dir='ltr'>‘ne</span> <span class='ocrx_word' id='word_1_46' title='bbox 1209 556 1302 607; x_wconf 89' lang='lat' dir='ltr'>quid</span> <span class='ocrx_word' id='word_1_47' title='bbox 1323 556 1369 593; x_wconf 90' lang='lat' dir='ltr'>de</span> <span class='ocrx_word' id='word_1_48' title='bbox 1389 555 1546 594; x_wconf 76' lang='lat' dir='ltr'><strong>absente</strong></span> 
     </span>
     <span class='ocr_line' id='line_1_8' title="bbox 275 618 1558 671; baseline -0.002 -13"><span class='ocrx_word' id='word_1_49' title='bbox 275 622 470 671; x_wconf 82' lang='lat' dir='ltr'>incognita</span> <span class='ocrx_word' id='word_1_50' title='bbox 500 634 625 670; x_wconf 80' lang='lat' dir='ltr'>causa,</span> <span class='ocrx_word' id='word_1_51' title='bbox 647 621 851 659; x_wconf 84' lang='lat' dir='ltr'>statuatis:</span> <span class='ocrx_word' id='word_1_52' title='bbox 881 621 1024 670; x_wconf 84' lang='lat' dir='ltr'>fingere</span> <span class='ocrx_word' id='word_1_53' title='bbox 1057 632 1117 656; x_wconf 88' lang='lat' dir='ltr'>me</span> <span class='ocrx_word' id='word_1_54' title='bbox 1135 619 1263 668; x_wconf 82' lang='lat' dir='ltr'>verba,</span> <span class='ocrx_word' id='word_1_55' title='bbox 1283 624 1322 656; x_wconf 86' lang='lat' dir='ltr'>et</span> <span class='ocrx_word' id='word_1_56' title='bbox 1350 619 1479 668; x_wconf 81' lang='lat' dir='ltr'>fugam</span> <span class='ocrx_word' id='word_1_57' title='bbox 1513 618 1558 655; x_wconf 90' lang='lat' dir='ltr'>si-</span> 
     </span>
     <span class='ocr_line' id='line_1_9' title="bbox 274 680 1556 734; baseline -0.005 -12"><span class='ocrx_word' id='word_1_58' title='bbox 274 685 432 734; x_wconf 86' lang='lat' dir='ltr'>mulare,</span> <span class='ocrx_word' id='word_1_59' title='bbox 466 685 527 721; x_wconf 91' lang='lat' dir='ltr'>cui</span> <span class='ocrx_word' id='word_1_60' title='bbox 561 684 714 721; x_wconf 77' lang='lat' dir='ltr'>licuerit</span> <span class='ocrx_word' id='word_1_61' title='bbox 753 684 793 720; x_wconf 91' lang='lat' dir='ltr'>in</span> <span class='ocrx_word' id='word_1_62' title='bbox 831 696 947 732; x_wconf 89' lang='lat' dir='ltr'>regno</span> <span class='ocrx_word' id='word_1_63' title='bbox 981 684 1155 720; x_wconf 87' lang='lat' dir='ltr'>manere.&#39;</span> <span class='ocrx_word' id='word_1_64' title='bbox 1225 683 1251 700; x_wconf 81' lang='lat'>²⁰</span> <span class='ocrx_word' id='word_1_65' title='bbox 1265 680 1377 726; x_wconf 88' lang='lat' dir='ltr'>Quod</span> <span class='ocrx_word' id='word_1_66' title='bbox 1410 681 1556 718; x_wconf 81' lang='lat' dir='ltr'>utinam</span> 
     </span>
     <span class='ocr_line' id='line_1_10' title="bbox 275 745 1558 798; baseline -0.004 -13"><span class='ocrx_word' id='word_1_67' title='bbox 275 749 399 798; x_wconf 89' lang='lat' dir='ltr'>illum,</span> <span class='ocrx_word' id='word_1_68' title='bbox 420 749 530 797; x_wconf 86' lang='lat' dir='ltr'>cujus</span> <span class='ocrx_word' id='word_1_69' title='bbox 552 748 668 796; x_wconf 89' lang='lat' dir='ltr'>impio</span> <span class='ocrx_word' id='word_1_70' title='bbox 697 747 866 784; x_wconf 87' lang='lat' dir='ltr'>facinore</span> <span class='ocrx_word' id='word_1_71' title='bbox 893 747 932 783; x_wconf 90' lang='lat' dir='ltr'>in</span> <span class='ocrx_word' id='word_1_72' title='bbox 962 747 1030 783; x_wconf 83' lang='lat' dir='ltr'>has</span> <span class='ocrx_word' id='word_1_73' title='bbox 1051 746 1225 783; x_wconf 79' lang='lat' dir='ltr'>miserias</span> <span class='ocrx_word' id='word_1_74' title='bbox 1250 745 1443 795; x_wconf 86' lang='lat' dir='ltr'>projectus</span> <span class='ocrx_word' id='word_1_75' title='bbox 1463 756 1558 791; x_wconf 82' lang='lat' dir='ltr'>sum,</span> 
     </span>
     <span class='ocr_line' id='line_1_11' title="bbox 275 805 1558 859; baseline -0.004 -11"><span class='ocrx_word' id='word_1_76' title='bbox 275 811 408 849; x_wconf 82' lang='lat' dir='ltr'>eadem</span> <span class='ocrx_word' id='word_1_77' title='bbox 428 810 509 848; x_wconf 87' lang='lat' dir='ltr'>haec</span> <span class='ocrx_word' id='word_1_78' title='bbox 541 809 970 858; x_wconf 80' lang='lat' dir='ltr'>simulantem&#39;videam,</span> <span class='ocrx_word' id='word_1_79' title='bbox 991 814 1030 846; x_wconf 89' lang='lat' dir='ltr'>et</span> <span class='ocrx_word' id='word_1_80' title='bbox 1051 807 1256 859; x_wconf 82' lang='lat' dir='ltr'>aliquando</span> <span class='ocrx_word' id='word_1_81' title='bbox 1275 812 1344 845; x_wconf 72' lang='lat' dir='ltr'>aut</span> <span class='ocrx_word' id='word_1_82' title='bbox 1362 805 1463 856; x_wconf 81' lang='lat' dir='ltr'>apud</span> <span class='ocrx_word' id='word_1_83' title='bbox 1481 818 1558 855; x_wconf 88' lang='lat' dir='ltr'>vos,</span> 
     </span>
     <span class='ocr_line' id='line_1_12' title="bbox 275 868 1556 923; baseline -0.005 -12"><span class='ocrx_word' id='word_1_84' title='bbox 275 879 344 911; x_wconf 83' lang='lat' dir='ltr'>aut</span> <span class='ocrx_word' id='word_1_85' title='bbox 362 873 463 923; x_wconf 86' lang='lat' dir='ltr'>apud</span> <span class='ocrx_word' id='word_1_86' title='bbox 483 873 574 910; x_wconf 89' lang='lat' dir='ltr'>deos</span> <span class='ocrx_word' id='word_1_87' title='bbox 594 872 830 910; x_wconf 83' lang='lat' dir='ltr'>immortales</span> <span class='ocrx_word' id='word_1_88' title='bbox 850 885 977 909; x_wconf 91' lang='lat' dir='ltr'>rerum</span> <span class='ocrx_word' id='word_1_89' title='bbox 1005 871 1256 908; x_wconf 85' lang='lat' dir='ltr'>humanarum</span> <span class='ocrx_word' id='word_1_90' title='bbox 1281 875 1376 907; x_wconf 55' lang='lat' dir='ltr'>cura*</span> <span class='ocrx_word' id='word_1_91' title='bbox 1391 868 1556 906; x_wconf 80' lang='lat' dir='ltr'>oriatur:</span> 
     </span>
     <span class='ocr_line' id='line_1_13' title="bbox 275 930 1559 985; baseline -0.004 -13"><span class='ocrx_word' id='word_1_92' title='bbox 275 948 335 972; x_wconf 87' lang='lat' dir='ltr'>nae</span> <span class='ocrx_word' id='word_1_93' title='bbox 355 935 434 984; x_wconf 88' lang='lat' dir='ltr'>ille,</span> <span class='ocrx_word' id='word_1_94' title='bbox 453 935 520 985; x_wconf 90' lang='lat' dir='ltr'>qui</span> <span class='ocrx_word' id='word_1_95' title='bbox 539 947 639 972; x_wconf 89' lang='lat' dir='ltr'>nunc</span> <span class='ocrx_word' id='word_1_96' title='bbox 667 934 878 972; x_wconf 82' lang='lat' dir='ltr'>sceleribus</span> <span class='ocrx_word' id='word_1_97' title='bbox 906 934 984 971; x_wconf 90' lang='lat' dir='ltr'>suis</span> <span class='ocrx_word' id='word_1_98' title='bbox 1003 934 1112 970; x_wconf 83' lang='lat' dir='ltr'>ferox</span> <span class='ocrx_word' id='word_1_99' title='bbox 1131 938 1245 982; x_wconf 85' lang='lat' dir='ltr'>atque</span> <span class='ocrx_word' id='word_1_100' title='bbox 1265 930 1470 982; x_wconf 83' lang='lat' dir='ltr'>praeclarus</span> <span class='ocrx_word' id='word_1_101' title='bbox 1489 935 1559 979; x_wconf 85' lang='lat' dir='ltr'>est,</span> 
     </span>
     <span class='ocr_line' id='line_1_14' title="bbox 276 995 1559 1045; baseline -0.004 -11"><span class='ocrx_word' id='word_1_102' title='bbox 276 996 451 1035; x_wconf 89' lang='lat' dir='ltr'>omnibus</span> <span class='ocrx_word' id='word_1_103' title='bbox 471 997 583 1034; x_wconf 89' lang='lat' dir='ltr'>malis</span> <span class='ocrx_word' id='word_1_104' title='bbox 604 997 856 1044; x_wconf 84' lang='lat' dir='ltr'>excruciatus,</span> <span class='ocrx_word' id='word_1_105' title='bbox 872 995 1083 1045; x_wconf 82' lang='lat' dir='ltr'>impietatis</span> <span class='ocrx_word' id='word_1_106' title='bbox 1103 995 1142 1031; x_wconf 91' lang='lat' dir='ltr'>in</span> <span class='ocrx_word' id='word_1_107' title='bbox 1160 998 1356 1043; x_wconf 82' lang='lat' dir='ltr'>parentem</span> <span class='ocrx_word' id='word_1_108' title='bbox 1374 997 1559 1042; x_wconf 84' lang='lat' dir='ltr'>nostrum,</span> 
     </span>
     <span class='ocr_line' id='line_1_15' title="bbox 277 1049 1560 1108; baseline -0.004 -11"><span class='ocrx_word' id='word_1_109' title='bbox 277 1060 409 1098; x_wconf 84' lang='lat' dir='ltr'>fratris</span> <span class='ocrx_word' id='word_1_110' title='bbox 441 1060 518 1097; x_wconf 85' lang='lat' dir='ltr'>mei</span> <span class='ocrx_word' id='word_1_111' title='bbox 554 1060 658 1096; x_wconf 89' lang='lat' dir='ltr'>necis</span> <span class='ocrx_word' id='word_1_112' title='bbox 698 1071 946 1108; x_wconf 88' lang='lat' dir='ltr'>mearumque</span> <span class='ocrx_word' id='word_1_113' title='bbox 979 1049 1218 1095; x_wconf 84' lang='lat' dir='ltr'>miseriarum</span> <span class='ocrx_word' id='word_1_114' title='bbox 1255 1068 1391 1106; x_wconf 83' lang='lat' dir='ltr'>graves</span> <span class='ocrx_word' id='word_1_115' title='bbox 1430 1067 1560 1106; x_wconf 80' lang='lat' dir='ltr'>poenas</span> 
     </span>
     <span class='ocr_line' id='line_1_16' title="bbox 279 1119 1559 1172; baseline -0.005 -12"><span class='ocrx_word' id='word_1_116' title='bbox 279 1122 428 1160; x_wconf 88' lang='lat' dir='ltr'>reddat.</span> <span class='ocrx_word' id='word_1_117' title='bbox 487 1122 517 1160; x_wconf 83' lang='lat' dir='ltr'><strong>J</strong></span> <span class='ocrx_word' id='word_1_118' title='bbox 519 1135 580 1159; x_wconf 91' lang='lat' dir='ltr'>am</span> <span class='ocrx_word' id='word_1_119' title='bbox 605 1123 686 1172; x_wconf 84' lang='lat' dir='ltr'>jam</span> <span class='ocrx_word' id='word_1_120' title='bbox 714 1122 834 1158; x_wconf 82' lang='lat' dir='ltr'>frater</span> <span class='ocrx_word' id='word_1_121' title='bbox 855 1121 980 1158; x_wconf 88' lang='lat' dir='ltr'>animo</span> <span class='ocrx_word' id='word_1_122' title='bbox 999 1133 1084 1158; x_wconf 89' lang='lat' dir='ltr'>meo</span> <span class='ocrx_word' id='word_1_123' title='bbox 1105 1119 1310 1168; x_wconf 82' lang='lat' dir='ltr'>carissime,</span> <span class='ocrx_word' id='word_1_124' title='bbox 1329 1131 1559 1170; x_wconf 85' lang='lat' dir='ltr'>quamquam</span> 
     </span>
     <span class='ocr_line' id='line_1_17' title="bbox 277 1183 1558 1234; baseline -0.003 -12"><span class='ocrx_word' id='word_1_125' title='bbox 277 1186 350 1224; x_wconf 91' lang='lat' dir='ltr'>tibi</span> <span class='ocrx_word' id='word_1_126' title='bbox 379 1185 595 1234; x_wconf 82' lang='lat' dir='ltr'>immaturo,</span> <span class='ocrx_word' id='word_1_127' title='bbox 628 1190 667 1222; x_wconf 89' lang='lat' dir='ltr'>et</span> <span class='ocrx_word' id='word_1_128' title='bbox 695 1185 835 1222; x_wconf 77' lang='lat' dir='ltr'>²⁰unde</span> <span class='ocrx_word' id='word_1_129' title='bbox 869 1184 1025 1221; x_wconf 89' lang='lat' dir='ltr'>minime</span> <span class='ocrx_word' id='word_1_130' title='bbox 1059 1183 1198 1232; x_wconf 88' lang='lat' dir='ltr'>decuit,</span> <span class='ocrx_word' id='word_1_131' title='bbox 1219 1183 1298 1220; x_wconf 83' lang='lat' dir='ltr'>vita.</span> <span class='ocrx_word' id='word_1_132' title='bbox 1326 1186 1456 1231; x_wconf 82' lang='lat' dir='ltr'>erepta</span> <span class='ocrx_word' id='word_1_133' title='bbox 1489 1186 1558 1230; x_wconf 85' lang='lat' dir='ltr'>est,</span> 
     </span>
     <span class='ocr_line' id='line_1_18' title="bbox 278 1245 1556 1296; baseline -0.004 -12"><span class='ocrx_word' id='word_1_134' title='bbox 278 1252 404 1284; x_wconf 82' lang='lat' dir='ltr'>tamen</span> <span class='ocrx_word' id='word_1_135' title='bbox 425 1246 636 1284; x_wconf 88' lang='lat' dir='ltr'>laetandum</span> <span class='ocrx_word' id='word_1_136' title='bbox 655 1247 778 1295; x_wconf 87' lang='lat' dir='ltr'>magis</span> <span class='ocrx_word' id='word_1_137' title='bbox 800 1259 915 1296; x_wconf 86' lang='lat' dir='ltr'>quam</span> <span class='ocrx_word' id='word_1_138' title='bbox 941 1245 1146 1283; x_wconf 90' lang='lat' dir='ltr'>dolendum</span> <span class='ocrx_word' id='word_1_139' title='bbox 1165 1249 1258 1294; x_wconf 86' lang='lat' dir='ltr'>puto</span> <span class='ocrx_word' id='word_1_140' title='bbox 1278 1256 1407 1281; x_wconf 81' lang='lat' dir='ltr'>casum</span> <span class='ocrx_word' id='word_1_141' title='bbox 1426 1247 1556 1280; x_wconf 90' lang='lat' dir='ltr'>tuum:</span> 
     </span>
     <span class='ocr_line' id='line_1_19' title="bbox 276 1309 1559 1359; baseline -0.003 -12"><span class='ocrx_word' id='word_1_142' title='bbox 276 1323 352 1347; x_wconf 87' lang='lat' dir='ltr'>non</span> <span class='ocrx_word' id='word_1_143' title='bbox 373 1310 475 1347; x_wconf 88' lang='lat' dir='ltr'>enim</span> <span class='ocrx_word' id='word_1_144' title='bbox 493 1322 664 1359; x_wconf 87' lang='lat' dir='ltr'>regnum,</span> <span class='ocrx_word' id='word_1_145' title='bbox 685 1310 751 1347; x_wconf 88' lang='lat' dir='ltr'>sed</span> <span class='ocrx_word' id='word_1_146' title='bbox 770 1310 912 1358; x_wconf 88' lang='lat' dir='ltr'>fugam,</span> <span class='ocrx_word' id='word_1_147' title='bbox 933 1309 1122 1358; x_wconf 81' lang='lat' dir='ltr'>exsilium,</span> <span class='ocrx_word' id='word_1_148' title='bbox 1142 1312 1351 1357; x_wconf 78' lang='lat' dir='ltr'>egestatem</span> <span class='ocrx_word' id='word_1_149' title='bbox 1371 1311 1410 1344; x_wconf 81' lang='lat' dir='ltr'>et</span> <span class='ocrx_word' id='word_1_150' title='bbox 1429 1319 1559 1344; x_wconf 91' lang='lat' dir='ltr'>omnes</span> 
     </span>
     <span class='ocr_line' id='line_1_20' title="bbox 277 1358 1556 1424; baseline -0.003 -14"><span class='ocrx_word' id='word_1_151' title='bbox 277 1373 356 1422; x_wconf 87' lang='lat' dir='ltr'>has,</span> <span class='ocrx_word' id='word_1_152' title='bbox 376 1386 462 1424; x_wconf 78' lang='lat' dir='ltr'>quae</span> <span class='ocrx_word' id='word_1_153' title='bbox 481 1386 541 1411; x_wconf 91' lang='lat' dir='ltr'>me</span> <span class='ocrx_word' id='word_1_154' title='bbox 560 1378 751 1422; x_wconf 88' lang='lat' dir='ltr'>premunt,</span> <span class='ocrx_word' id='word_1_155' title='bbox 770 1379 959 1410; x_wconf 81' lang='lat' dir='ltr'>aerumnas</span> <span class='ocrx_word' id='word_1_156' title='bbox 978 1385 1064 1408; x_wconf 92' lang='lat' dir='ltr'>cum</span> <span class='ocrx_word' id='word_1_157' title='bbox 1078 1409 1082 1411; x_wconf 79' lang='grc'><strong>,</strong></span> <span class='ocrx_word' id='word_1_158' title='bbox 1095 1371 1221 1408; x_wconf 86' lang='lat' dir='ltr'>anima</span> <span class='ocrx_word' id='word_1_159' title='bbox 1249 1358 1364 1407; x_wconf 86' lang='lat' dir='ltr'>simul</span> <span class='ocrx_word' id='word_1_160' title='bbox 1382 1369 1556 1407; x_wconf 84' lang='lat' dir='ltr'>amisisti.</span> 
     </span>
     <span class='ocr_line' id='line_1_21' title="bbox 277 1433 1558 1486; baseline -0.004 -12"><span class='ocrx_word' id='word_1_161' title='bbox 277 1437 334 1475; x_wconf 89' lang='lat' dir='ltr'>At</span> <span class='ocrx_word' id='word_1_162' title='bbox 354 1449 423 1486; x_wconf 88' lang='lat' dir='ltr'>ego</span> <span class='ocrx_word' id='word_1_163' title='bbox 451 1436 599 1485; x_wconf 77' lang='lat' dir='ltr'>infelix,</span> <span class='ocrx_word' id='word_1_164' title='bbox 619 1436 658 1472; x_wconf 91' lang='lat' dir='ltr'>in</span> <span class='ocrx_word' id='word_1_165' title='bbox 679 1441 787 1473; x_wconf 84' lang='lat' dir='ltr'>tanta</span> <span class='ocrx_word' id='word_1_166' title='bbox 805 1435 907 1472; x_wconf 90' lang='lat' dir='ltr'>mala</span> <span class='ocrx_word' id='word_1_167' title='bbox 925 1434 1186 1484; x_wconf 74' lang='lat' dir='ltr'>praecipitatus</span> <span class='ocrx_word' id='word_1_168' title='bbox 1212 1446 1259 1470; x_wconf 85' lang='lat' dir='ltr'>ex</span> <span class='ocrx_word' id='word_1_169' title='bbox 1287 1433 1411 1483; x_wconf 85' lang='lat' dir='ltr'>patrio</span> <span class='ocrx_word' id='word_1_170' title='bbox 1430 1444 1558 1482; x_wconf 87' lang='lat' dir='ltr'>regno,</span> 
     </span>
     <span class='ocr_line' id='line_1_22' title="bbox 278 1494 1558 1548; baseline -0.005 -11"><span class='ocrx_word' id='word_1_171' title='bbox 278 1501 303 1518; x_wconf 75' lang='lat'>²¹</span> <span class='ocrx_word' id='word_1_172' title='bbox 318 1513 446 1538; x_wconf 90' lang='lat' dir='ltr'>rerum</span> <span class='ocrx_word' id='word_1_173' title='bbox 484 1499 733 1536; x_wconf 88' lang='lat' dir='ltr'>humanarum</span> <span class='ocrx_word' id='word_1_174' title='bbox 773 1499 1031 1548; x_wconf 81' lang='lat' dir='ltr'>spectaculum</span> <span class='ocrx_word' id='word_1_175' title='bbox 1069 1497 1229 1547; x_wconf 79' lang='lat' dir='ltr'>praebeo,</span> <span class='ocrx_word' id='word_1_176' title='bbox 1263 1497 1429 1533; x_wconf 82' lang='lat' dir='ltr'>incertus</span> <span class='ocrx_word' id='word_1_177' title='bbox 1465 1494 1558 1546; x_wconf 87' lang='lat' dir='ltr'>quid</span> 
     </span>
     <span class='ocr_line' id='line_1_23' title="bbox 279 1558 1558 1612; baseline -0.004 -13"><span class='ocrx_word' id='word_1_178' title='bbox 279 1575 401 1612; x_wconf 85' lang='lat' dir='ltr'>agam,</span> <span class='ocrx_word' id='word_1_179' title='bbox 430 1563 457 1579; x_wconf 80' lang='lat'>²²</span> <span class='ocrx_word' id='word_1_180' title='bbox 474 1566 610 1598; x_wconf 85' lang='lat' dir='ltr'>tuasne</span> <span class='ocrx_word' id='word_1_181' title='bbox 639 1562 800 1610; x_wconf 86' lang='lat' dir='ltr'>injurias</span> <span class='ocrx_word' id='word_1_182' title='bbox 836 1574 1054 1611; x_wconf 82' lang='lat' dir='ltr'>persequar,</span> <span class='ocrx_word' id='word_1_183' title='bbox 1088 1560 1168 1609; x_wconf 87' lang='lat' dir='ltr'>ipse</span> <span class='ocrx_word' id='word_1_184' title='bbox 1202 1558 1336 1596; x_wconf 81' lang='lat' dir='ltr'>auxilii</span> <span class='ocrx_word' id='word_1_185' title='bbox 1365 1570 1491 1608; x_wconf 73' lang='lat' dir='ltr'>egem,</span> <span class='ocrx_word' id='word_1_186' title='bbox 1509 1570 1558 1594; x_wconf 79' lang='lat' dir='ltr'>an</span> 
     </span>
     <span class='ocr_line' id='line_1_24' title="bbox 277 1618 1560 1676; baseline -0.006 -12"><span class='ocrx_word' id='word_1_187' title='bbox 277 1638 394 1676; x_wconf 87' lang='lat' dir='ltr'>regno</span> <span class='ocrx_word' id='word_1_188' title='bbox 424 1625 631 1674; x_wconf 85' lang='lat' dir='ltr'>consulam,</span> <span class='ocrx_word' id='word_1_189' title='bbox 665 1626 774 1673; x_wconf 86' lang='lat' dir='ltr'>cujus</span> <span class='ocrx_word' id='word_1_190' title='bbox 806 1624 898 1662; x_wconf 80' lang='lat' dir='ltr'>vitae</span> <span class='ocrx_word' id='word_1_191' title='bbox 935 1622 1114 1672; x_wconf 81' lang='lat' dir='ltr'>necisque</span> <span class='ocrx_word' id='word_1_192' title='bbox 1147 1625 1318 1671; x_wconf 87' lang='lat' dir='ltr'>potest-as</span> <span class='ocrx_word' id='word_1_193' title='bbox 1346 1633 1394 1657; x_wconf 85' lang='lat' dir='ltr'>ex</span> <span class='ocrx_word' id='word_1_194' title='bbox 1426 1618 1560 1669; x_wconf 86' lang='lat' dir='ltr'>opibus</span> 
     </span>
     <span class='ocr_line' id='line_1_25' title="bbox 278 1682 1562 1740; baseline -0.007 -12"><span class='ocrx_word' id='word_1_195' title='bbox 278 1691 415 1728; x_wconf 83' lang='lat' dir='ltr'>alienis</span> <span class='ocrx_word' id='word_1_196' title='bbox 447 1690 597 1740; x_wconf 90' lang='lat' dir='ltr'>pendet.</span> <span class='ocrx_word' id='word_1_197' title='bbox 668 1688 828 1726; x_wconf 85' lang='lat' dir='ltr'>Utinam</span> <span class='ocrx_word' id='word_1_198' title='bbox 857 1687 884 1704; x_wconf 68' lang='lat'>⁹³³</span> <span class='ocrx_word' id='word_1_199' title='bbox 899 1686 1017 1724; x_wconf 87' lang='lat' dir='ltr'>emori</span> <span class='ocrx_word' id='word_1_200' title='bbox 1049 1684 1215 1722; x_wconf 86' lang='lat' dir='ltr'>fortunis</span> <span class='ocrx_word' id='word_1_201' title='bbox 1247 1683 1342 1721; x_wconf 83' lang='lat' dir='ltr'>meis</span> <span class='ocrx_word' id='word_1_202' title='bbox 1380 1682 1562 1720; x_wconf 84' lang='lat' dir='ltr'>honestus</span> 
     </span>
     <span class='ocr_line' id='line_1_26' title="bbox 279 1743 1561 1800; baseline -0.007 -11"><span class='ocrx_word' id='word_1_203' title='bbox 279 1754 406 1790; x_wconf 84' lang='lat' dir='ltr'>exitus</span> <span class='ocrx_word' id='word_1_204' title='bbox 446 1757 557 1800; x_wconf 88' lang='lat' dir='ltr'>esset,</span> <span class='ocrx_word' id='word_1_205' title='bbox 590 1763 666 1787; x_wconf 89' lang='lat' dir='ltr'>neu</span> <span class='ocrx_word' id='word_1_206' title='bbox 697 1750 825 1787; x_wconf 83' lang='lat' dir='ltr'>vivere</span> <span class='ocrx_word' id='word_1_207' title='bbox 859 1753 1099 1797; x_wconf 87' lang='lat' dir='ltr'>contemptus</span> <span class='ocrx_word' id='word_1_208' title='bbox 1130 1746 1292 1795; x_wconf 88' lang='lat' dir='ltr'>viderer,</span> <span class='ocrx_word' id='word_1_209' title='bbox 1325 1745 1358 1783; x_wconf 87' lang='lat' dir='ltr'>si</span> <span class='ocrx_word' id='word_1_210' title='bbox 1390 1743 1561 1800; x_wconf 72' lang='lat' dir='ltr'>defessus</span> 
     </span>
     <span class='ocr_line' id='line_1_27' title="bbox 277 1807 1561 1864; baseline -0.007 -11"><span class='ocrx_word' id='word_1_211' title='bbox 277 1816 390 1854; x_wconf 85' lang='lat' dir='ltr'>malis</span> <span class='ocrx_word' id='word_1_212' title='bbox 433 1815 586 1864; x_wconf 80' lang='lat' dir='ltr'>injuriae</span> <span class='ocrx_word' id='word_1_213' title='bbox 627 1813 906 1851; x_wconf 78' lang='lat' dir='ltr'>concessissem.</span> <span class='ocrx_word' id='word_1_214' title='bbox 981 1811 1094 1848; x_wconf 92' lang='lat' dir='ltr'>Nunc</span> <span class='ocrx_word' id='word_1_215' title='bbox 1131 1822 1252 1860; x_wconf 89' lang='lat' dir='ltr'>neque</span> <span class='ocrx_word' id='word_1_216' title='bbox 1288 1809 1417 1847; x_wconf 87' lang='lat' dir='ltr'>vivere</span> <span class='ocrx_word' id='word_1_217' title='bbox 1453 1807 1561 1855; x_wconf 86' lang='lat' dir='ltr'>libet,</span> 
     </span>
     <span class='ocr_line' id='line_1_28' title="bbox 278 1871 1561 1929; baseline -0.007 -13"><span class='ocrx_word' id='word_1_218' title='bbox 278 1891 401 1929; x_wconf 87' lang='lat' dir='ltr'>neque</span> <span class='ocrx_word' id='word_1_219' title='bbox 431 1878 529 1915; x_wconf 85' lang='lat' dir='ltr'>mori</span> <span class='ocrx_word' id='word_1_220' title='bbox 561 1877 653 1914; x_wconf 86' lang='lat' dir='ltr'>licet</span> <span class='ocrx_word' id='word_1_221' title='bbox 686 1876 767 1913; x_wconf 89' lang='lat' dir='ltr'>sine</span> <span class='ocrx_word' id='word_1_222' title='bbox 798 1875 991 1912; x_wconf 87' lang='lat' dir='ltr'>dedecore.</span> <span class='ocrx_word' id='word_1_223' title='bbox 1050 1874 1187 1910; x_wconf 88' lang='lat' dir='ltr'>Patres</span> <span class='ocrx_word' id='word_1_224' title='bbox 1210 1871 1425 1921; x_wconf 80' lang='lat' dir='ltr'>conscripti,</span> <span class='ocrx_word' id='word_1_225' title='bbox 1452 1871 1480 1889; x_wconf 73' lang='lat'>²⁴</span> <span class='ocrx_word' id='word_1_226' title='bbox 1494 1883 1561 1920; x_wconf 90' lang='lat' dir='ltr'>per</span> 
     </span>
     <span class='ocr_line' id='line_1_29' title="bbox 278 1932 1561 1990; baseline -0.009 -10"><span class='ocrx_word' id='word_1_227' title='bbox 278 1954 346 1980; x_wconf 88' lang='lat' dir='ltr'>vos</span> <span class='ocrx_word' id='word_1_228' title='bbox 377 1941 518 1979; x_wconf 88' lang='lat' dir='ltr'>liberos</span> <span class='ocrx_word' id='word_1_229' title='bbox 549 1944 664 1990; x_wconf 86' lang='lat' dir='ltr'>atque</span> <span class='ocrx_word' id='word_1_230' title='bbox 683 1942 862 1988; x_wconf 84' lang='lat' dir='ltr'>parentes</span> <span class='ocrx_word' id='word_1_231' title='bbox 888 1942 1047 1985; x_wconf 87' lang='lat' dir='ltr'>vestros,</span> <span class='ocrx_word' id='word_1_232' title='bbox 1066 1949 1134 1985; x_wconf 90' lang='lat' dir='ltr'>per</span> <span class='ocrx_word' id='word_1_233' title='bbox 1163 1937 1404 1984; x_wconf 83' lang='lat' dir='ltr'>majestatem</span> <span class='ocrx_word' id='word_1_234' title='bbox 1431 1932 1561 1982; x_wconf 89' lang='lat' dir='ltr'>populi</span> 
     </span>
     <span class='ocr_line' id='line_1_30' title="bbox 280 1993 1560 2051; baseline -0.009 -9"><span class='ocrx_word' id='word_1_235' title='bbox 280 2002 457 2051; x_wconf 85' lang='lat' dir='ltr'>Romani,</span> <span class='ocrx_word' id='word_1_236' title='bbox 476 2001 676 2039; x_wconf 88' lang='lat' dir='ltr'>subvenite</span> <span class='ocrx_word' id='word_1_237' title='bbox 706 2001 844 2037; x_wconf 87' lang='lat' dir='ltr'>misero</span> <span class='ocrx_word' id='word_1_238' title='bbox 873 1999 979 2047; x_wconf 89' lang='lat' dir='ltr'>mihi,</span> <span class='ocrx_word' id='word_1_239' title='bbox 999 2000 1052 2035; x_wconf 83' lang='lat' dir='ltr'>ite</span> <span class='ocrx_word' id='word_1_240' title='bbox 1081 1998 1230 2036; x_wconf 82' lang='lat' dir='ltr'>obviam</span> <span class='ocrx_word' id='word_1_241' title='bbox 1260 1995 1422 2045; x_wconf 78' lang='lat' dir='ltr'>injuriae,</span> <span class='ocrx_word' id='word_1_242' title='bbox 1439 1993 1560 2031; x_wconf 89' lang='lat' dir='ltr'>nolite</span> 
     </span>
     <span class='ocr_line' id='line_1_31' title="bbox 279 2056 1560 2116; baseline -0.009 -13"><span class='ocrx_word' id='word_1_243' title='bbox 279 2066 360 2116; x_wconf 83' lang='lat' dir='ltr'>pati</span> <span class='ocrx_word' id='word_1_244' title='bbox 393 2078 552 2115; x_wconf 86' lang='lat' dir='ltr'>regnum</span> <span class='ocrx_word' id='word_1_245' title='bbox 589 2063 795 2112; x_wconf 89' lang='lat' dir='ltr'>Numidiae,</span> <span class='ocrx_word' id='word_1_246' title='bbox 828 2063 930 2113; x_wconf 87' lang='lat' dir='ltr'>quod</span> <span class='ocrx_word' id='word_1_247' title='bbox 962 2067 1132 2099; x_wconf 86' lang='lat' dir='ltr'>vestrum</span> <span class='ocrx_word' id='word_1_248' title='bbox 1166 2064 1235 2109; x_wconf 82' lang='lat' dir='ltr'>est,</span> <span class='ocrx_word' id='word_1_249' title='bbox 1266 2070 1334 2109; x_wconf 87' lang='lat' dir='ltr'>per</span> <span class='ocrx_word' id='word_1_250' title='bbox 1366 2056 1490 2095; x_wconf 85' lang='lat' dir='ltr'>scelus</span> <span class='ocrx_word' id='word_1_251' title='bbox 1522 2062 1560 2093; x_wconf 83' lang='lat' dir='ltr'>et</span> 
     </span>
     <span class='ocr_line' id='line_1_32' title="bbox 281 2125 1088 2179; baseline -0.007 -12"><span class='ocrx_word' id='word_1_252' title='bbox 281 2129 503 2179; x_wconf 87' lang='lat' dir='ltr'>sanguinem</span> <span class='ocrx_word' id='word_1_253' title='bbox 522 2127 681 2164; x_wconf 80' lang='lat' dir='ltr'>familiae</span> <span class='ocrx_word' id='word_1_254' title='bbox 699 2131 840 2163; x_wconf 85' lang='lat' dir='ltr'>nostrae</span> <span class='ocrx_word' id='word_1_255' title='bbox 860 2125 1088 2163; x_wconf 86' lang='lat' dir='ltr'>tabescere.&#39;’</span> 
     </span>
    </p>

    <p class='ocr_par' dir='ltr' id='par_1_4' title="bbox 281 2182 1561 2364">
     <span class='ocr_line' id='line_1_33' title="bbox 359 2182 1561 2239; baseline -0.008 -11"><span class='ocrx_word' id='word_1_256' title='bbox 359 2190 450 2229; x_wconf 92' lang='lat' dir='ltr'>XV.</span> <span class='ocrx_word' id='word_1_257' title='bbox 482 2190 693 2239; x_wconf 86' lang='lat' dir='ltr'>Postquam</span> <span class='ocrx_word' id='word_1_258' title='bbox 714 2201 782 2226; x_wconf 87' lang='lat' dir='ltr'>rex</span> <span class='ocrx_word' id='word_1_259' title='bbox 811 2189 924 2224; x_wconf 90' lang='lat' dir='ltr'>finem</span> <span class='ocrx_word' id='word_1_260' title='bbox 944 2186 1125 2238; x_wconf 86' lang='lat' dir='ltr'>loquendi</span> <span class='ocrx_word' id='word_1_261' title='bbox 1154 2185 1258 2233; x_wconf 89' lang='lat' dir='ltr'>fecit,</span> <span class='ocrx_word' id='word_1_262' title='bbox 1277 2182 1398 2233; x_wconf 89' lang='lat' dir='ltr'>legati</span> <span class='ocrx_word' id='word_1_263' title='bbox 1418 2182 1561 2232; x_wconf 82' lang='lat' dir='ltr'>Jugur-</span> 
     </span>
     <span class='ocr_line' id='line_1_34' title="bbox 282 2245 1558 2302; baseline -0.007 -12"><span class='ocrx_word' id='word_1_264' title='bbox 282 2254 369 2302; x_wconf 73' lang='lat' dir='ltr'>thae,</span> <span class='ocrx_word' id='word_1_265' title='bbox 387 2252 592 2302; x_wconf 80' lang='lat' dir='ltr'>largitione</span> <span class='ocrx_word' id='word_1_266' title='bbox 621 2251 743 2300; x_wconf 86' lang='lat' dir='ltr'>magis</span> <span class='ocrx_word' id='word_1_267' title='bbox 763 2263 876 2300; x_wconf 85' lang='lat' dir='ltr'>quam</span> <span class='ocrx_word' id='word_1_268' title='bbox 897 2263 1010 2287; x_wconf 87' lang='lat' dir='ltr'>causa</span> <span class='ocrx_word' id='word_1_269' title='bbox 1034 2248 1136 2296; x_wconf 87' lang='lat' dir='ltr'>freti,</span> <span class='ocrx_word' id='word_1_270' title='bbox 1154 2246 1286 2297; x_wconf 84' lang='lat' dir='ltr'>paucis</span> <span class='ocrx_word' id='word_1_271' title='bbox 1305 2245 1558 2295; x_wconf 80' lang='lat' dir='ltr'>respondent:</span> 
     </span>
     <span class='ocr_line' id='line_1_35' title="bbox 281 2308 1558 2364; baseline -0.006 -12"><span class='ocrx_word' id='word_1_272' title='bbox 281 2314 570 2364; x_wconf 78' lang='lat' dir='ltr'>‘Hiempsalem</span> <span class='ocrx_word' id='word_1_273' title='bbox 602 2313 650 2351; x_wconf 91' lang='lat' dir='ltr'>ob</span> <span class='ocrx_word' id='word_1_274' title='bbox 680 2313 867 2350; x_wconf 75' lang='lat' dir='ltr'>saevitiam</span> <span class='ocrx_word' id='word_1_275' title='bbox 887 2326 994 2350; x_wconf 88' lang='lat' dir='ltr'>suam</span> <span class='ocrx_word' id='word_1_276' title='bbox 1014 2312 1060 2350; x_wconf 87' lang='lat' dir='ltr'>ab</span> <span class='ocrx_word' id='word_1_277' title='bbox 1082 2309 1262 2348; x_wconf 89' lang='lat' dir='ltr'>Numidis</span> <span class='ocrx_word' id='word_1_278' title='bbox 1292 2308 1558 2346; x_wconf 84' lang='lat' dir='ltr'>interfectum:</span> 
     </span>
    </p>
   </div>
   <div class='ocr_carea' id='block_1_4' title="bbox 282 2374 1560 2467">
    <p class='ocr_par' dir='ltr' id='par_1_5' title="bbox 282 2374 1560 2467">
     <span class='ocr_line' id='line_1_36' title="bbox 282 2374 1560 2422; baseline -0.005 -8"><span class='ocrx_word' id='word_1_279' title='bbox 282 2376 545 2415; x_wconf 84' lang='lat' dir='ltr'>Adherbalem</span> <span class='ocrx_word' id='word_1_280' title='bbox 567 2377 577 2394; x_wconf 87' lang='lat'>¹</span> <span class='ocrx_word' id='word_1_281' title='bbox 590 2375 693 2413; x_wconf 88' lang='lat' dir='ltr'>ultro</span> <span class='ocrx_word' id='word_1_282' title='bbox 713 2374 858 2413; x_wconf 88' lang='lat' dir='ltr'>bellum</span> <span class='ocrx_word' id='word_1_283' title='bbox 880 2375 1119 2422; x_wconf 84' lang='lat' dir='ltr'>inferentem,</span> <span class='ocrx_word' id='word_1_284' title='bbox 1138 2376 1339 2422; x_wconf 86' lang='lat' dir='ltr'>postquam</span> <span class='ocrx_word' id='word_1_285' title='bbox 1360 2374 1560 2421; x_wconf 80' lang='lat' dir='ltr'>superatus</span> 
     </span>
     <span class='ocr_line' id='line_1_37' title="bbox 1178 2448 1197 2467; baseline 0 -1"><span class='ocrx_word' id='word_1_286' title='bbox 1178 2448 1197 2467; x_wconf 63' lang='grc' dir='ltr'><strong><em>ο</em></strong></span> 
     </span>
    </p>
   </div>
  </div>
 </body>
</html>
