1572 2592
180 150 230 187 40
490 158 560 186 'c.
610 163 802 189 cnrsm
848 164 1130 190 SALLus'rn

178 262 320 313 populi,
348 262 405 300 ira
434 268 502 300 aut
530 263 793 302 misericordia
822 266 990 315 impulsi,
1019 266 1144 303 ‘'male
1175 266 1460 317 consuluerint;

178 325 244 363 sed
275 339 319 362 ea
348 326 448 363 malo
480 326 619 376 dicere,
648 341 734 377 quae
762 330 924 376 majores
952 329 1072 365 nostri
1101 335 1232 366 contra
1262 330 1462 368 libidinem

153 389 294 425 (animi
325 389 383 426 sui
413 395 516 426 recte
548 395 662 440 atque
693 391 826 427 ordine
857 392 990 427 fecere.
1059 391 1170 428 Bello
1203 392 1462 443 Macedonico,

175 451 277 501 quod
297 464 382 488 cum
409 465 498 500 rege
528 452 645 489 Perse
673 453 871 502 gessimus,
891 453 1131 490 Rhodiorum
1159 455 1306 503 civitas,
1324 468 1462 504 magna.

162 519 290 563 ¹atque
311 514 520 562 magnifica,
540 528 625 564 quae
644 515 774 564 populi
794 515 960 552 Romani
980 516 1115 564 opibus
1143 521 1325 565 creverat,
1345 517 1460 554 infida

175 582 290 627 atque
310 578 468 614 adversa
487 578 596 615 nobis
624 579 719 615 fuit:
754 579 821 616 sed
849 585 1062 629 postquam,
1082 580 1183 618 bello
1211 581 1460 630 confecto,de

175 639 341 676 Rhodiis
360 640 575 677 consultum
603 646 671 690 est,
691 643 854 690 maj01·es
882 642 1014 690 nostri,
1036 643 1106 679 ‘'ne
1129 643 1214 693 quis
1234 643 1458 681 divitiarum

173 702 307 751 magiS,
326 716 439 752 quam
461 703 611 752 injuriae
630 716 743 740 causa
768 704 911 741 bellum
941 705 1135 754 inceptum
1164 705 1320 755 diceret,
1339 706 1459 756 impu-

173 764 274 808 nitos
305 778 368 801 eos
399 765 586 802 dimisere.
656 765 758 802 Item
789 766 902 803 bellis
935 767 1093 804 Punicis
1123 767 1310 817 omnibus,
1339 781 1457 819 quum

174 838 271 876 saepe
297 823 644 876 'Carthaginienses
675 833 714 864 et
753 828 791 864 in
821 841 911 879 pace
943 834 982 866 et
1001 830 1092 879 ⁶per
1123 829 1296 867 inducias
1334 831 1456 868 multa

172 889 320 926 nefaria
356 890 527 927 facinora
564 889 755 939 fecissent,
786 903 980 940 nunquam
1017 892 1091 941 ipsi
1122 904 1189 942 per
1221 892 1454 939 occasionem

172 953 267 990 talia
293 954 441 990 fecere:
473 954 607 1003 magis,
626 955 719 1004 quid
753 967 792 992 se
824 955 982 1004 dignum
997 956 1122 1005 foret,
1149 969 1264 1006 quam
1294 956 1387 1006 quid
1415 956 1455 993 in

171 1016 259 1053 illos
285 1018 372 1064 jure
400 1017 482 1053 fieri
512 1022 651 1065 posset,
670 1018 902 1067 quaerebant.
960 1017 1046 1054 Hoc
1078 1018 1170 1054 item
1199 1017 1307 1055 vobis
1334 1018 1455 1067 provi-

172 1078 338 1115 dendum
359 1084 428 1127 est,
447 1083 575 1127 patres
595 1079 811 1128 conscripti,
830 1091 878 1116 ne
908 1079 996 1128 plus
1027 1079 1127 1128 apud
1155 1092 1223 1117 vos
1251 1079 1380 1118 valcat
1407 1079 1451 1118 P.

172 1140 330 1178 Lentuli
359 1146 397 1177 et
425 1146 638 1178 ceterorum
667 1141 801 1190 scelus,
828 1154 941 1191 quam
970 1147 1097 1179 vestra
1125 1141 1316 1191 dignitas;
1355 1143 1454 1180 ⁷neu

170 1203 292 1252 magis
313 1204 378 1241 irae
405 1209 543 1240 vestrae
571 1217 686 1252 quam
715 1204 827 1241 famae
857 1203 1072 1240 consulatis.
1130 1203 1230 1240 Nam
1261 1204 1294 1241 si
1314 1204 1454 1253 ⁸digna

168 1278 278 1315 poena
297 1278 364 1314 pro
384 1266 496 1302 factis
516 1278 647 1302 eorum
669 1266 870 1314 reperitur,
889 1279 1027 1303 novum
1048 1266 1248 1303 consilium
1264 1267 1450 1316 approbo,

169 1328 228 1365 sin
247 1328 471 1376 magnitudo
491 1328 645 1364 sceleris
665 1328 833 1364 omnium
854 1327 1007 1376 ingenia
1027 1334 1241 1377 exsuperat,
1260 1328 1319 1366 his
1347 1333 1453 1366 uten-

169 1390 260 1426 dum
281 1403 426 1438 censeo,
445 1403 530 1439 quae
549 1390 699 1438 legibus
719 1395 936 1439 comparata
958 1394 1055 1427 sunt.
1112 1390 1294 1441 Plerique
1310 1403 1452 1440 eorum,

167 1453 235 1502 qui
254 1458 342 1489 ante
363 1465 422 1488 me
454 1452 684 1488 sententiam
714 1452 908 1500 dixerunt,
927 1452 1135 1500 composite
1164 1458 1279 1502 atque
1308 1453 1451 1502 magni-

167 1515 235 1552 fice
268 1527 397 1552 casum
431 1515 486 1551 rei
516 1514 679 1564 publicae
709 1514 881 1551 miserati
912 1520 1020 1551 sunt:
1061 1528 1146 1564 quae
1178 1515 1270 1552 belli
1301 1515 1450 1553 saevitia

168 1583 280 1627 esset,
299 1591 384 1628 quae
402 1577 515 1615 victis
535 1577 762 1626 acciderent,
783 1590 1074 1614 enumeravere:
1106 1577 1239 1615 divelli
1267 1577 1409 1616 liberos
1427 1591 1451 1616 a

166 1646 368 1691 parentum
389 1640 590 1690 complexu
607 1653 613 1688 3
644 1645 786 1677 matres
805 1640 1039 1677 familiarum
1060 1641 1071 1658 ⁹
1084 1640 1176 1689 pati,
1195 1653 1280 1690 quae
1299 1640 1450 1683 victori-

167 1704 238 1742 bus
268 1703 554 1751 collibuissent3
589 1703 676 1740 fana
706 1704 820 1753 atq'ue
852 1703 982 1740 domos
1012 1702 1191 1751 spoliari3
1224 1702 1377 1752 caedcm,
1396 1703 1450 1740 in-

167 1766 301 1802 cendia
337 1765 443 1814 fieri,
483 1770 675 1814 postremo
709 1765 836 1813 armis,
869 1764 1129 1812 cadaveribus,
1162 1776 1294 1801 cruore
1333 1769 1448 1815 atque

166 1829 274 1866 luctu
293 1828 419 1865 omnia
440 1827 630 1876 compleri.
689 1827 776 1875 Sed,
796 1840 863 1875 per
883 1826 973 1863 deos
994 1826 1251 1864 immortales!
1285 1839 1360 1877 quo
1379 1827 1449 1864 illa

166 1891 288 1929 oratio
307 1891 524 1940 pertinuit?
548 1891 573 1907 ¹⁰
586 1903 645 1938 an,
660 1890 718 1926 uti
737 1902 804 1927 vos
824 1889 983 1926 infestos
1003 1889 1256 1938 conjurationi
1275 1889 1446 1926 faceret2

167 1955 335 2003 Scilicet,
354 1967 466 2004 quem
487 1967 547 1991 res
567 1958 675 1990 tanta
694 1958 808 2003 atque
829 1958 907 1989 tam
927 1957 1038 1989 atrox
1057 1965 1132 1989 non
1147 1952 1344 2002 permovit,
1360 1965 1446 1990 eum

166 2017 288 2055 oratio
308 2016 489 2054 accendet
508 2018 513 2052 Ι
572 2016 659 2052 Non
679 2016 734 2052 ita
754 2021 832 2064 est;
869 2028 991 2066 neque
1020 2015 1196 2065 cuiquam
1223 2013 1446 2065 mortalium

166 2079 318 2129 injuriae
337 2092 414 2116 suae
432 2091 557 2128 parvae
585 2078 788 2115 videntur:
824 2078 938 2114 multi
971 2090 1034 2114 eas
1063 2077 1216 2127 gravius
1245 2090 1353 2127 aequo
1383 2077 1446 2115 ha-

165 2143 290 2181 buere.
349 2141 426 2180 Sed
447 2142 470 2158 ¹¹
485 2141 562 2178 alia
581 2140 668 2177 aliis
687 2140 845 2177 licentia
866 2146 934 2189 est,
954 2145 1082 2189 patres
1101 2139 1316 2188 conscripti.
1369 2139 1445 2185 Qui

166 2205 323 2242 demissi
342 2205 382 2242 in
402 2203 560 2242 obscuro
576 2204 695 2240 vitam
708 2203 860 2251 habent,
873 2203 906 2240 si
920 2203 1012 2253 quid
1029 2201 1224 2239 iracundia
1239 2201 1445 2252 deliquere,

164 2270 275 2319 pauci
319 2261 463 2316 sciunt,
503 2268 604 2304 fama
629 2271 743 2316 atque
775 2267 928 2303 fortuna
947 2279 1075 2303 eorum
1100 2277 1210 2314 pares
1238 2270 1349 2302 sunt:
1379 2265 1443 2316 qui

165 2344 302 2381 magno
335 2329 678 2381 imperio‘praediti
711 2329 750 2366 in
784 2329 933 2366 excelso
966 2333 1121 2366 aetatem
1155 2332 1284 2377 agunt,
1315 2340 1443 2366 eorum

912 2454 933 2476 ὃ
