1566 2586
625 188 933 215 JUGURTHA.
1388 180 1438 216 85

128 307 225 344 nm,
243 293 347 332 inter
374 293 556 332 laetitiam
575 293 701 344 plebis
721 298 761 331 et
788 306 947 331 suorum
966 291 1112 343 fugam,
1131 292 1285 343 trepida
1306 293 1438 332 etiam-

128 363 212 397 tum
233 357 405 407 civitate,
424 371 543 408 quum
578 371 627 395 ex
659 357 830 395 Mamilii
862 356 1066 407 rogatione
1099 361 1180 394 tres
1210 357 1439 407 quaesitores

126 429 368 475 rogarentur,
387 424 581 473 effecerat,
601 423 660 461 uti
681 423 762 474 ipse
782 423 822 460 in
843 435 887 460 eo
907 435 1070 460 numero
1092 427 1300 459 crearetur.
1360 422 1438 461 Sed

129 488 320 540 ‘’quaestio
348 488 522 526 exercita
557 500 691 538 aspere
723 487 1005 537 violenterque,
1026 499 1073 523 ex
1104 499 1259 523 rumore
1287 491 1327 523 et
1354 486 1439 523 libi-

128 552 218 590 dine
237 551 380 602 plebis:
410 557 456 589 ut
475 564 576 602 saepe
596 551 856 599 nobilitatem,
879 550 933 587 sic
955 563 1000 587 ea
1019 555 1253 600 tempestate
1283 549 1438 600 plebem

128 628 176 654 ex
196 616 376 655 secundis
395 616 512 654 rebus
532 615 743 653 insolentia
762 619 928 665 ceperat.

206 679 320 718 XLI.
354 679 540 718 Ceterum
560 693 644 717 mos
662 679 836 729 partium
856 678 1103 729 popularium
1125 683 1165 715 et
1185 683 1344 716 senatus
1363 678 1438 716 fac-

127 745 290 794 tionum,
324 757 368 781 ac
400 744 540 781 deinde
568 744 740 781 omnium
769 743 960 780 malarum
994 743 1150 793 artium,
1183 742 1317 792 paucis
1345 747 1437 780 ante

66 854 69 857 ¹
127 809 239 847 annis
268 809 406 847 Romae
439 814 548 846 ortus
582 813 653 858 est,
673 809 753 846 otio
788 814 828 845 et
861 808 1103 846 abundantia
1133 821 1266 846 earum
1295 821 1438 857 rerum,

126 886 214 926 quae
244 874 393 924 'prima
425 873 611 912 mortales
645 874 802 911 ducunt.
875 873 1124 923 Nam,²ante
1158 872 1436 923 Carthaginem

127 938 310 989 deletam,
330 939 496 990 populus
525 944 565 976 et
594 918 753 976 seffatus
782 938 983 976 Romanus
1002 938 1155 988 placide
1183 938 1437 989 modesteque

127 1002 231 1040 inter
258 1015 299 1041 se
327 1016 409 1041 rem
448 1003 644 1053 publicam
680 1003 928 1052 tractabant,
973 1015 1099 1053 neque
1137 1002 1275 1052 gloriae
1311 1015 1437 1054 neque

128 1066 406 1104 dominationis
425 1072 623 1104 certamen
654 1067 758 1104 inter
787 1066 890 1103 cives
920 1071 1025 1103 erat:
1057 1071 1185 1104 metus
1213 1066 1368 1104 hostilis
1397 1066 1437 1103 in

127 1129 239 1168 bonis
273 1130 424 1168 artibus
456 1130 656 1167 civitatem
691 1129 896 1167 retinebat.
956 1129 1034 1168 Sed
1067 1130 1137 1167 ubi
1171 1130 1240 1167 illa
1268 1130 1437 1168 formido

126 1193 325 1231 mentibus
364 1194 543 1242 decessit,
583 1193 761 1231 'scilicet
795 1206 851 1242 ea,
879 1206 967 1244 quae
995 1206 1057 1230 res
1086 1193 1266 1232 secundae
1294 1199 1438 1246 amant,

126 1255 288 1294 lascivia
318 1261 435 1307 atque
466 1256 646 1306 superbia
680 1258 880 1294 incessere.
939 1257 1043 1300 ⁴Ita,
1062 1256 1167 1307 quod
1195 1257 1437 1295 ixi-adversis

126 1320 243 1359 rebus
276 1325 506 1371 optaverant
538 1320 673 1369 otium,
714 1325 921 1371 postquam
953 1320 1087 1370 adepti
1126 1326 1228 1369 sunt,
1262 1320 1437 1370 asperius

127 1385 381 1436 acerbiusque
414 1385 501 1422 fuit.
572 1385 753 1436 Namque
788 1398 936 1435 coepere
966 1385 1156 1423 nobilitas
1191 1385 1438 1435 dignitatem,

127 1448 294 1499 populus
324 1448 562 1498 libertatem,
596 1448 636 1485 in
679 1448 885 1486 libidinem
915 1454 1090 1486 vertere:
1136 1449 1242 1491 ‘'sibi,
1272 1449 1437 1500 quisque

128 1511 280 1562 ducere,
300 1512 466 1562 trahere,
484 1525 627 1562 rapere.
678 1511 743 1550 Ita
763 1513 892 1550 omnia
912 1512 952 1549 in
973 1513 1069 1566 duas
1089 1517 1219 1562 partes
1239 1513 1438 1550 abstracta

128 1581 240 1625 sunt;
271 1589 333 1613 rcs
360 1575 527 1625 publica,
546 1588 634 1626 quae
661 1577 790 1613 m'edia
809 1576 949 1626 fuerat,
970 1577 1192 1614 dilacerata.
1253 1576 1437 1615 Ceterum

129 1638 343 1676 ‘nobilitas
361 1639 530 1676 factione
551 1639 676 1688 magis
706 1639 903 1688 pollebat3
934 1640 1062 1689 plebis
1080 1640 1150 1688 vis,
1171 1640 1300 1677 soluta
1320 1645 1438 1691 atque

129 1702 304 1752 dispersa
325 1702 363 1739 in
383 1702 652 1750 multitudine,
671 1702 800 1739 minus
820 1708 983 1752 poterat.
1034 1703 1253 1741 Paucorum
1274 1703 1438 1741 arbitrio

130 1765 224 1804 belli
245 1765 426 1816 domique
457 1767 468 1784 ⁷
481 1765 705 1815 agitabatur
724 1779 730 1815 ;
761 1779 879 1816 penes
900 1767 1055 1804 eosdem
1075 1767 1268 1817 aerarium,
1289 1767 1439 1817 provin-

130 1830 212 1879 ciae,
231 1829 495 1879 magistratus,
515 1830 650 1880 gloriae
668 1829 934 1881 triumphique
955 1836 1087 1880 erant3
1110 1830 1275 1881 populus
1294 1830 1439 1868 militia

130 1898 247 1945 atque
268 1893 398 1943 inopia
425 1894 688 1943 urguebatur:
718 1894 870 1944 praedas
891 1894 1054 1932 bellicas
1074 1894 1330 1946 imperatores
1349 1908 1438 1932 cum

129 1957 262 2008 paucis
282 1957 540 2007 diripiebant:
570 1957 720 1995 interea
739 1963 920 2008 parentes
952 1963 1021 1996 aut
1050 1959 1161 2009 parvi
1191 1959 1307 1997 liberi
1338 1959 1439 1996 mili-

129 2026 226 2071 tum,
245 2027 292 2059 ut
309 2021 475 2072 quisque
508 2021 720 2072 potentiori
748 2023 908 2060 confinis
937 2028 1033 2072 erat,
1054 2023 1213 2072 sedstms
1241 2023 1438 2073 pelleban-

129 2090 203 2125 tur.
262 2086 329 2124 Ita
359 2099 447 2123 cum
481 2085 657 2135 potentia
690 2086 854 2124 avaritia
883 2087 991 2125 ⁸sine
1019 2088 1133 2126 modo
1167 2088 1437 2137 modestiaque

129 2149 324 2198 invadere,
337 2150 512 2200 polluere
534 2155 574 2187 et
586 2154 741 2187 vastare
757 2150 898 2199 omnia,
916 2151 1017 2188 nihil
1036 2151 1146 2201 pensi
1166 2164 1291 2202 neque
1312 2152 1439 2189 sancti

129 2214 285 2264 habere,
304 2215 432 2266 quoad
453 2220 577 2253 semet
599 2215 682 2265 ipsa
711 2215 980 2266 praecipitavit.
1039 2217 1143 2254 Nam
1171 2217 1240 2254 ubi
1268 2216 1438 2266 primum

131 2291 181 2316 ex
191 2279 400 2318 nobilitate
421 2281 432 2298 ⁹
446 2279 590 2330 teperti
611 2284 712 2328 sunt,
725 2279 935 2330 quiveram
955 2281 1121 2331 gloriam
1136 2281 1294 2330 injustae
1306 2285 1438 2330 poten-

132 2345 200 2383 tiae
218 2350 509 2396 anteponerent,
528 2345 676 2383 moveri
710 2345 859 2396 civitas,
877 2351 918 2384 et
949 2346 1138 2384 dissensio
1168 2345 1306 2396 civilis,
1326 2345 1438 2397 quasi

131 2409 340 2460 permixtio
359 2415 487 2461 terrae,
506 2410 600 2449 oriri
620 2409 744 2460 coepit.
