1566 2586
678 187 988 214 sueonum.
1425 176 1497 214 105

171 297 292 334 retur.
361 292 434 331 'Is
463 296 670 344 postquam
705 291 978 342 magnitudine
1009 291 1194 329 facinoris
1214 290 1417 342 perculsus
1446 292 1496 330 ad

171 362 328 409 tempus
365 370 442 395 non
479 357 599 407 venit,
631 362 836 408 metusque
874 369 958 394 rem
998 355 1252 406 impediebat,
1283 355 1496 413 Bomilcar,

173 423 292 463 simul
312 423 477 474 cupidus
501 423 657 473 incepta
676 422 871 473 patrandi,
892 427 932 459 et
964 421 1104 459 timore
1138 421 1232 459 socii
1263 421 1416 470 anxius,
1436 435 1495 467 ne,

171 489 313 527 omisso
333 493 466 526 vetere
486 487 660 536 consilio,
680 500 822 524 novum
842 491 1047 538 quaereret,
1068 485 1226 523 litteras
1247 485 1296 523 ad
1318 498 1406 522 eum
1427 499 1496 536 per

171 552 348 591 homines
385 551 522 590 fideles
560 551 698 601 mittit,
730 551 794 588 ³in
833 557 922 602 quis
960 550 1169 588 mollitiem
1199 550 1495 602 socordiamque

170 615 246 655 viri
266 628 460 664 accusare,
482 615 620 652 testari
642 615 745 666 deos,
765 628 833 665 per
862 628 960 666 quos
986 614 1212 664 juravisset,
1233 627 1401 663 monere,
1421 616 1429 634 ‘
1447 627 1495 652 ne

171 680 333 731 praemia
354 679 510 717 Metelli
532 679 572 717 in
592 684 743 730 pestem
773 684 1021 717 converteret
1039 693 1046 729 3
1081 679 1296 729 Jugurthae
1326 679 1495 717 exitium

170 744 329 795 adesse;
363 745 562 782 ‘ceterum
583 757 702 782 suane
722 757 771 782 an
791 744 939 782 virtute
963 744 1119 782 Metelli
1140 743 1300 794 periret,
1318 743 1358 780 id
1379 743 1495 782 modo

170 809 338 860 agitari:
368 809 531 860 proinde
551 813 753 860 reputaret
773 821 861 846 cum
882 808 1012 846 animo
1042 822 1122 859 suo,
1144 810 1304 859 praemia
1335 823 1383 847 an
1413 822 1495 847 cru-

169 873 317 912 ciatum
339 872 498 911 mallet.’

251 936 404 975 LXXI.
439 937 517 976 Sed
551 951 671 988 quum
705 937 766 976 hae
798 936 944 975 litterae
977 937 1122 987 allatae,
1153 937 1255 975 forte
1291 937 1494 975 Nabdalsa

174 1004 369 1041 'exercito
399 1015 557 1053 corpore
589 1003 715 1041 fessus
747 1003 787 1040 in
818 1003 921 1041 lecto
952 1004 1195 1055 quiescebat,
1216 1003 1295 1052 ubi,
1325 1003 1493 1053 cognitis

171 1066 407 1105 Bomilcaris
436 1067 576 1115 verbis,
597 1068 722 1118 primo
753 1081 856 1117 cura,
878 1068 1030 1118 deinde,
1050 1069 1110 1106 uti
1140 1081 1288 1118 aegrum
1319 1069 1492 1106 animum

170 1131 281 1180 solet,
295 1144 453 1169 somnus
473 1132 585 1182 cepit.
646 1132 745 1170 Erat
765 1133 801 1170 ei
824 1133 999 1170 Numida
1020 1133 1192 1184 quidam,
1214 1134 1226 1150 ²
1245 1134 1492 1183 negotiorum

169 1202 336 1244 curator,
349 1196 448 1234 fidus
461 1201 720 1248 acceptusque
742 1203 781 1235 et
802 1198 974 1235 omnium
995 1198 1258 1245 consiliorum,
1271 1199 1347 1236 nisi
1368 1199 1494 1236 novis·

168 1261 270 1310 simi,
290 1261 495 1311 particeps.
557 1262 568 1279 ³
584 1260 662 1307 Qui
692 1267 898 1313 postquam
919 1263 1061 1300 allatas
1082 1263 1238 1300 litteras
1258 1263 1422 1312 audivit,
1443 1277 1492 1302 ex

168 1327 451 1365 consuetudine
478 1333 588 1364 ratus
610 1341 724 1377 opera
744 1333 813 1364 aut
839 1328 996 1378 ingenio
1027 1341 1095 1366 suo
1126 1342 1221 1378 opus
1251 1342 1346 1377 esse,
1369 1329 1408 1366 in
1438 1334 1492 1366 ta-

167 1391 421 1430 bernaculum
449 1391 603 1430 introiit
621 1406 627 1429 :
659 1392 878 1430 dormiente
899 1393 968 1430 illo
989 1393 1208 1444 epistolam,
1230 1406 1344 1444 super
1374 1399 1492 1445 caput

167 1455 208 1494 in
226 1455 387 1507 pulvino
408 1462 555 1494 temere
575 1457 755 1507 positam,
776 1457 897 1494 sumit
918 1470 961 1494 ac
990 1457 1171 1508 perlegit,
1193 1458 1284 1495 dein
1315 1471 1491 1509 propere,

167 1521 336 1571 cognitis
371 1521 537 1570 insidiis,
570 1521 619 1559 ad
650 1534 781 1572 regem
813 1522 952 1572 pergit.
1025 1522 1227 1560 Nabdalsa
1257 1529 1344 1572 post
1374 1523 1490 1573 paulo

16 1574 41 1631 ’ᾗ
168 1590 430 1635 experrectus,
450 1585 518 1623 ubi
538 1599 664 1636 neque
685 1586 891 1636 epistolam
913 1586 1070 1636 reperit,
1087 1592 1127 1623 et
1148 1600 1228 1624 rem
1250 1601 1416 1636 omnem,
1429 1587 1491 1625 uti

168 1653 256 1692 acta
276 1653 372 1697 erat,
392 1649 584 1698 cognovit,
604 1649 730 1699 primo
759 1649 771 1667 ⁴
786 1649 955 1687 indicem
983 1650 1164 1700 persequi
1195 1656 1368 1699 conatus,
1388 1656 1491 1701 post-

167 1725 284 1764 quam
306 1712 347 1749 id
378 1712 526 1750 frustra
556 1712 645 1762 fuit,
666 1712 907 1763 Jugurtham
939 1713 1121 1763 placandi
1151 1715 1280 1763 gratia
1309 1715 1486 1766 accedit;

168 1776 267 1814 dicit
286 1777 397 1828 ‘quae
416 1777 498 1827 ipse
520 1778 737 1827 paravisset
765 1778 1088 1828 facere,-perfidia
1117 1778 1275 1816 clientis
1305 1779 1365 1816 sui
1394 1793 1490 1830 prae-

166 1844 318 1881 venta?
358 1842 578 1893 lacrymans
609 1842 830 1882 obtestatur
862 1845 956 1894 ‘per
989 1844 1204 1882 amicitiam
1238 1857 1384 1896 perque
1418 1858 1490 1883 sua

167 1911 284 1945 antea
312 1906 483 1944 fideliter
514 1911 612 1957 acta,
636 1920 684 1945 ne
718 1920 834 1958 super
865 1907 938 1945 tali
969 1908 1115 1946 scelere
1147 1914 1371 1959 suspectum
1402 1922 1487 1947 sese

165 1970 353 2010 haberet.’

247 2035 427 2074 LXXII.
461 2035 527 2074 Ad
558 2049 604 2074 ea
633 2049 714 2085 rex,
736 2037 875 2075 ¹aliter
901 2042 1019 2089 atque
1051 2037 1181 2076 animo
1209 2038 1385 2089 gerebat,
1405 2037 1486 2088 pla-

166 2101 252 2140 cide
289 2102 500 2152 respondit.
573 2099 811 2140 Bomilcare
836 2103 1000 2155 aliisque
1043 2103 1191 2153 multis,
1229 2116 1327 2155 quos
1359 2103 1484 2140 socios

165 2165 398 2204 insidiarum
418 2172 665 2217 cognoverat,
686 2166 917 2218 interfectis,
938 2167 1036 2206 iram
1057 2173 1314 2219 oppresserat,
1331 2180 1379 2204 ne
1407 2180 1486 2218 qua

166 2241 216 2267 ex
248 2243 292 2268 eo
322 2230 481 2280 negotio
514 2230 656 2268 seditio
688 2231 866 2270 oriretur.
925 2231 1064 2283 Neque
1097 2233 1211 2283 ²post
1239 2231 1280 2268 id
1310 2231 1484 2269 locorum

168 2293 381 2345 Jugurthae
400 2296 484 2334 dies
505 2301 574 2334 aut
593 2310 670 2334 nox
690 2296 773 2334 ulla
791 2297 925 2348 quieta
953 2298 1030 2335 fuit
1047 2312 1053 2335 :
1090 2310 1216 2349 neque
1245 2296 1330 2334 loco
1358 2309 1483 2348 neque

167 2358 325 2396 mortali
358 2360 539 2412 cuiquam
575 2366 643 2398 aut
674 2362 843 2411 tempori
874 2363 970 2400 satis
1002 2362 1172 2410 credere,
1204 2361 1319 2408 cives,
1350 2360 1484 2399 hostes

163 2423 280 2472 juxta
306 2429 492 2475 metuere,
516 2425 840 2476 circumspectare
873 2427 1014 2476 omnia,
1035 2432 1076 2465 et
1096 2425 1202 2464 omni
1222 2425 1392 2476 strepitu
1419 2438 1483 2477 pa-

421 2489 468 2527 5⁸
