1566 2586
635 173 942 199 lusura-na.
1376 163 1443 200 131

137 281 178 316 et
209 276 364 327 injuriae
395 289 544 314 memor
577 289 659 314 esse
695 275 819 314 solet:
860 280 1034 314 ceterum
1069 275 1236 323 Boccho,
1262 278 1443 327 quoniam

134 339 309 391 poenitet‚
329 340 341 357 ⁶
354 339 489 377 delicti
509 339 677 390 gratiam
698 339 816 376 facit:
839 339 966 377 foedus
986 345 1025 377 et
1045 339 1219 376 amicit-ia
1236 339 1445 389 dabuntur,

133 417 253 456 quum
273 405 495 442 meruerit.’²

215 467 298 507 CV.
331 467 428 514 Quis
449 468 565 506 rebus
585 467 763 518 cognitis,
784 467 963 505 Bocchus
982 481 1052 518 per
1079 467 1235 506 litteras
1264 481 1286 504 a
1317 467 1444 505 Mario

132 530 284 582 petivit,
314 531 398 568 ‘uti
430 531 581 570 Sullam
617 531 666 568 ad
701 543 740 568 se
775 530 964 581 mitteret,
996 532 1132 581 ¹0ujus
1166 531 1362 568 arbitratu
1397 531 1444 568 de

133 595 403 633 communibus
432 595 601 646 negotiis
632 594 923 633 consuleretur.'
980 595 1023 633 Is
1054 595 1195 633 missus
1229 607 1317 632 cum
1350 607 1444 645 prae-

133 659 233 698 sidio
253 660 430 711 equitum
445 666 562 711 atque
578 660 769 711 peditum,
788 660 801 678 ²
814 660 1057 698 funditorum
1079 659 1302 698 Belearium
1322 673 1328 696 :
1350 672 1444 710 prae-

133 729 241 763 terea
274 724 353 763 iere
387 725 582 776 sagittarii
615 730 656 763 et
689 725 852 764 ³00h0rs
886 725 1053 776 Peligna
1085 738 1173 763 cum
1210 725 1443 764 velitaribus

132 790 262 839 armis,
292 789 446 828 itineris
477 790 710 840 properandi
741 803 881 839 causa;
923 803 1049 842 neque
1081 790 1142 828 his
1181 803 1291 828 secus
1325 795 1443 841 atque

132 853 222 892 aliis
255 854 373 892 armis
411 854 616 893 adversum
655 854 735 892 tela
772 855 955 902 hostium,
989 855 1093 906 quod
1127 867 1173 892 ea
1206 854 1308 892 levia
1341 859 1444 904 sunt,

132 917 284 956 muniti.
342 917 420 957 Sed
451 919 491 956 in
523 919 673 969 itinere,
701 919 839 971 quinto
871 919 1038 970 denique
1070 919 1144 968 die,
1166 918 1313 968 Volux,
1337 918 1443 956 filius

134 981 291 1032 Bocchi,
309 988 468 1033 repente
489 983 529 1020 in
549 984 696 1034 campis
723 984 950 1035 patentibus
979 985 1093 1022 *cum
1122 983 1231 1021 mille
1260 996 1336 1021 non
1366 996 1443 1020 am-

132 1045 235 1096 plius
254 1046 452 1098 equitibus
472 1060 554 1085 sese
584 1048 782 1098 ostendit3
813 1048 881 1099 qui
910 1053 1056 1086 temere
1086 1053 1127 1086 et
1155 1049 1275 1086 effuse
1305 1053 1443 1085 euntes

134 1109 255 1149 Sullae
291 1110 455 1162 aliisque
490 1111 669 1149 omnibus
704 1117 743 1149 et
774 1125 979 1150 numerum
1010 1112 1238 1162 ampliorem
1269 1125 1372 1161 vero,
1403 1116 1443 1148 et

131 1174 314 1213 hostilem
334 1181 482 1212 metum
512 1175 736 1213 efficiebant.
796 1177 927 1226 Igitur
957 1177 1026 1214 ⁵se
1054 1177 1218 1227 quisque
1248 1176 1442 1226 expedire,

131 1251 238 1276 arma
265 1244 383 1290 atque
411 1239 491 1276 tela
521 1245 685 1288 tentare,
706 1240 933 1278 intendere:
970 1241 1087 1279 timor
1117 1240 1352 1292 aliquantus,
1373 1241 1441 1278 sed

129 1315 217 1353 spes
236 1303 411 1353 amplior,
430 1304 573 1354 quippe
594 1305 820 1354 victoribus,
841 1310 880 1342 et
901 1305 1107 1343 adversum
1129 1318 1206 1354 eos,
1225 1318 1321 1356 quos
1339 1317 1440 1355 saepe

127 1365 310 1405 vicerant.
370 1366 536 1404 Interim
569 1367 720 1418 equites
751 1367 997 1418 exploratum
1028 1368 1230 1418 praemissi,
1261 1380 1355 1418 rem,
1381 1367 1441 1405 uti

128 1436 223 1480 erat,
242 1430 414 1482 quietam
435 1431 627 1469 nuntiant.

209 1494 318 1534 CVI.
351 1495 485 1534 Volux
505 1496 715 1534 adveniens
736 1501 968 1548 quaestorem
988 1495 1161 1547 appellat
1181 1496 1355 1547 dicitque
1376 1497 1439 1534 ‘se

127 1566 279 1611 epatre
298 1561 454 1599 Boccho
485 1562 638 1599 obviam
670 1561 750 1599 illis
781 1562 910 1611 simul,
943 1563 1009 1599 ¹et
1038 1562 1221 1612 praesidio
1252 1561 1438 1599 missum)

127 1614 280 1662 Deinde
301 1637 389 1662 eum
409 1630 449 1662 et
469 1625 688 1675 proximum
721 1625 824 1662 diem
852 1626 934 1662 sine
965 1631 1074 1662 metu
1105 1625 1303 1674 conjuncti
1333 1630 1436 1662 eunt.

128 1686 237 1737 Post,
255 1687 324 1726 ubi
344 1693 470 1725 castra
490 1688 628 1737 locata,
648 1693 688 1726 et
713 1688 791 1726 diei
811 1701 948 1738 vesper
977 1693 1072 1737 erat,
1092 1694 1252 1739 repente
1275 1689 1439 1727 Maurus

126 1747 302 1790 ’incerto
321 1752 446 1802 vultu,
465 1765 608 1802 pavens
628 1752 677 1789 ad
699 1751 850 1791 Sullam
871 1753 1052 1803 accurrit,
1073 1753 1246 1804 dicitque
1267 1756 1276 1773 ⁶
1292 1753 1369 1791 sibi
1389 1766 1438 1791 ex

127 1817 437 1868 speculatoribus
458 1818 667 1868 cognitum,
697 1818 727 1856 J
730 1818 939 1868 ugurtham
968 1818 1074 1856 haud
1101 1819 1236 1869 procul
1266 1819 1401 1857 abesse
1417 1817 1438 1856 :¹

127 1882 256 1933 simul,
275 1883 357 1920 ‘uti
377 1888 496 1920 noctu
515 1882 614 1920 clam
634 1895 764 1921 secum
794 1883 1042 1934 profugeret‚'
1063 1889 1176 1934 rogat
1204 1889 1322 1935 atque
1352 1883 1436 1922 hor-

127 1951 242 1984 tatur.
303 1946 379 1984 Ille
399 1947 554 1985 'animo
582 1947 703 1985 feroci
730 1952 848 1998 negat
868 1947 876 1967 ⁶
893 1960 934 1986 se
962 1947 1108 1986 totiens
1135 1947 1267 1986 fusum
1297 1948 1335 1986 N
1339 1949 1435 1986 umi-

125 2011 215 2049 dam
233 2011 530 2062 pertimescere:
566 2011 706 2049 virtuti
726 2025 882 2049 suorum
911 2012 1007 2050 satis
1036 2012 1219 2050 credere:
1252 2013 1370 2050 etiam
1401 2013 1433 2050 si

124 2079 230 2112 certa
248 2075 371 2126 pestis
399 2075 563 2124 adesset,
583 2085 807 2113 mansurum
833 2075 974 2126 potius,
993 2089 1109 2127 quam
1137 2077 1316 2127 proditis,
1336 2090 1432 2127 quos

124 2138 301 2186 ducebat:
323 2139 427 2189 turpi
448 2139 541 2189 fuga
572 2139 731 2177 incertae
762 2152 805 2176 ac
836 2139 1000 2178 forsitan
1030 2146 1118 2191 post
1148 2140 1264 2191 paulo
1296 2140 1431 2177 morbo

123 2201 342 2240 interiturae
357 2203 449 2241 vitae
468 2205 667 2253 parceret.'
726 2201 907 2242 Ceterum
928 2204 977 2242 ab
994 2204 1130 2242 eodem
1150 2204 1333 2253 monitus,
1349 2205 1357 2223 ⁴
1371 2205 1431 2242 uti

123 2271 240 2303 noctu
258 2267 614 2316 proficiscerentur‚'
636 2267 840 2304 consilium
859 2268 1070 2319 approbat:
1108 2281 1152 2304 ac
1173 2267 1307 2305 statim
1338 2269 1345 2287 ‘
1363 2268 1430 2305 mi-

123 2328 216 2367 lites
235 2329 248 2348 ⁴
264 2336 432 2369 coenatos
452 2344 547 2381 esse,
567 2331 608 2368 in
629 2331 766 2369 castris
786 2331 894 2382 ignes
913 2346 1029 2384 quam
1051 2331 1306 2370 creberrimos
1334 2332 1430 2383 fieri,

124 2392 215 2432 dein
233 2394 358 2445 prima
376 2395 512 2448 vigilia
531 2395 688 2437 silentio
709 2396 858 2447 egredi'
874 2397 997 2450 jubet.
1048 2396 1220 2449 Jamque
1239 2401 1427 2434 nocturno
