1566 2586
141 186 210 223 »30
480 199 522 222 c.
572 197 752 223 cn1s1²1
799 197 1076 222 SALLusrn

81 314 84 318 ’
133 298 312 348 Marium,
331 311 374 335 ac
406 298 506 348 dein,
539 299 597 335 ἐἰ
625 299 786 348 placcat,
814 298 975 336 Romam
1014 297 1162 346 legatos
1189 297 1245 335 ire
1274 297 1408 347 jubet;

131 362 362 411 agendarum
396 374 534 410 rerum,
565 367 604 398 et
633 374 869 411 quocumque
902 361 1012 397 modo
1043 360 1132 397 belli
1164 360 1411 410 componendi

131 423 324 461 licentiam
347 425 439 474 ipsis
459 425 660 474 permittit.
721 424 787 460 Illi
810 429 956 460 mature
977 423 1024 459 ad
1045 422 1411 463 hiberna,Romano-

130 499 213 524 rum
242 487 549 536 proficiscuntur:
581 487 717 523 deinde
739 487 776 522 in
805 486 942 522 itincre
962 499 984 522 a
1004 485 1166 523 Gaetulis
1199 485 1410 522 latronibus

130 549 378 587 circumventi
399 550 638 600 spoliatique,
654 549 792 599 pavidi,
813 549 893 586 sine
914 549 1047 585 decore
1075 548 1123 585 ad
1156 547 1303 586 Sullam
1330 561 1411 597 pro-

129 612 295 662 fugiunt,
315 626 427 663 quem
448 613 578 650 consul
599 613 637 648 in
658 612 940 662 expeditionem
961 611 1200 660 proficiscens
1224 623 1292 660 pro
1320 623 1411 659 prae-

129 680 211 713 tore
232 677 450 726 reliquerat.
509 675 587 713 Eos
608 676 673 713 ille
693 689 767 713 non
787 676 799 693 ⁴
813 689 879 725 pro
896 675 1002 712 vanis
1022 674 1207 722 hostibus,
1219 679 1263 711 ut
1282 673 1410 711 meriti

130 743 250 787 erant,
270 739 336 776 sed
357 744 531 776 accurate
553 752 594 776 ac
615 739 827 777 liberaliter
856 738 992 776 habuit
1009 751 1015 786 5
1045 751 1120 787 qua
1139 750 1180 774 re
1199 737 1352 774 barbari
1371 741 1411 773 et

127 800 269 838 famam
299 802 558 839 Romanorum
589 802 762 839 avaritiae
789 802 935 849 falsam,
960 805 998 837 et
1019 799 1178 848 Sullam,
1197 799 1245 837 ob
1265 799 1410 836 munifi-

128 864 291 901 centiam
321 865 359 901 in
391 877 483 914 sese,
517 865 680 902 amicum
714 864 798 902 rati.
867 863 968 901 Nam
1000 863 1200 900 etiamtum
1231 861 1409 911 ‘largitio

127 926 262 964 multis
282 927 412 976 ignota
432 933 535 977 erat;
567 928 766 964 munificus
786 939 895 964 nemo
924 926 1143 976 putabatur,
1161 925 1235 962 nisi
1266 925 1410 974 pariter

126 987 258 1026 volens
275 1002 282 1037 ;
323 989 421 1026 dona
452 989 578 1026 omnia
615 990 654 1026 in
692 989 929 1038 benignitate
967 987 1213 1024 habebantur.
1281 986 1410 1035 Igitur

126 1051 308 1101 quaestori
328 1052 508 1088 mandata
538 1051 680 1088 Bocchi
709 1051 944 1100 patefaciunt
961 1064 967 1097 3
999 1049 1113 1087 simul
1133 1049 1180 1087 ab
1200 1061 1243 1086 eo
1262 1053 1408 1098 petunt,

126 1113 185 1150 uti
204 1114 332 1151 fautor
352 1114 621 1164 consultorque
642 1114 715 1150 sibi
735 1113 855 1150 adsit:
887 1108 1166 1162 copiasqfidem,
1179 1111 1409 1161 magnitudi-

125 1189 212 1213 nem
234 1177 245 1194 ⁶
259 1177 360 1226 regis
379 1177 449 1225 sui,
469 1182 507 1214 et
527 1177 612 1225 alia,
627 1190 712 1227 quae
731 1181 798 1213 aut
817 1176 940 1222 utilia,
954 1181 1020 1212 aut
1039 1174 1314 1213 benevolentiae
1326 1186 1408 1211 esse

126 1239 344 1289 credebant,
365 1239 534 1277 oratione
566 1239 781 1276 extollunt:
813 1239 911 1286 dein,
932 1238 1040 1276 Sulla
1069 1237 1195 1274 omnia
1223 1236 1407 1286 pollicito,

126 1301 242 1350 docti,
262 1315 336 1352 quo
366 1303 477 1339 modo
506 1302 606 1351 apud
642 1301 822 1350 Marium,
842 1301 933 1337 item
953 1300 1053 1350 apud
1081 1304 1266 1346 senatum,
1290 1298 1407 1336 verba

125 1363 306 1411 facerent,
323 1364 475 1400 circiter
495 1364 576 1400 dies
595 1363 849 1413 quadraginta
870 1362 1011 1399 ibidem
1032 1361 1288 1411 opperiuntur.

204 1425 310 1464 CIV.
349 1425 532 1462 'Marius
552 1431 764 1476 postquam,
784 1425 954 1462 confecto
987 1424 1149 1473 negotio,
1179 1436 1252 1473 quo
1285 1423 1406 1460 inten-

126 1488 244 1536 derat,
275 1487 420 1526 Cirtam
452 1489 564 1538 redit,
593 1489 638 1525 de
669 1488 835 1526 adventu
860 1488 1071 1537 legatorum
1103 1487 1241 1523 certior
1269 1486 1404 1535 factus,

125 1551 286 1601 illosque
307 1556 345 1588 ct
366 1551 513 1589 Sullam
542 1551 671 1589 venire
696 1551 819 1599 jubet,
839 1550 931 1587 item
953 1550 996 1586 L.
1029 1549 1245 1586 Bellienum
1272 1553 1405 1598 praeto-

124 1628 205 1653 rem
227 1615 353 1663 Utica,
372 1620 558 1664 praeterea
578 1627 708 1652 omnes
727 1613 896 1664 undique
926 1612 1107 1650 senatorii
1128 1611 1295 1660 ordinis,
1325 1611 1406 1662 qui·

124 1679 283 1716 buscum
303 1679 484 1715 mandata
505 1678 648 1714 Bocchi
668 1677 869 1726 cognoscit.
929 1675 1086 1725 Legatis
1106 1679 1274 1724 potestas
1289 1674 1405 1712 eundi

125 1742 288 1780 Romam
309 1743 352 1779 fit
372 1743 419 1780 ab
440 1742 606 1789 consule,
626 1741 772 1778 interea
792 1739 955 1776 induciae
974 1738 1274 1788 postulabantur.
1319 1738 1330 1755 ²
1345 1737 1405 1774 Ea

125 1806 245 1844 Sullae
265 1811 304 1843 et
323 1805 513 1855 plerisque
533 1794 708 1854 plabuere
725 1817 731 1840 :
767 1803 876 1853 pauci
905 1802 1070 1839 ferocius
1098 1802 1318 1850 decernunt,
1337 1800 1405 1838 sci-

124 1868 215 1906 licet
236 1869 357 1918 ignari
377 1869 627 1905 humanarum
648 1880 786 1915 rerum,
806 1879 890 1916 quae
918 1867 1030 1902 fluxae
1057 1870 1096 1902 et
1123 1864 1284 1902 mobiles
1311 1876 1404 1901 sem-

122 1943 190 1981 per
227 1931 266 1966 in
304 1931 463 1967 adversa
508 1935 715 1967 mutantur.
792 1928 973 1967 Ceterum
1013 1928 1152 1977 Mauri,
1188 1926 1404 1976 impetratis

123 1993 310 2042 omnibus,
330 1998 408 2030 tres
437 1993 600 2030 Romam
629 1992 801 2042 profecti,
821 2005 906 2029 cum
930 1991 994 2030 Gn.
1022 1991 1183 2030 Octavio
1203 1989 1318 2037 Rufo,
1336 1989 1402 2039 qui

122 2061 289 2108 quaestor
309 2057 320 2074 ⁸
334 2056 567 2105 stipendium
588 2056 626 2092 in
648 2056 818 2092 Africam
839 2060 1080 2105 portaverat:
1111 2053 1186 2090 duo
1204 2052 1253 2089 ad
1271 2065 1401 2101 regem

124 2119 293 2158 redeunt.
351 2118 412 2156 Ex
442 2119 502 2155 his
531 2119 704 2155 Bocchus
734 2132 850 2169 quum
881 2124 1018 2166 cetera,
1037 2122 1119 2154 tum
1149 2115 1313 2152 maxime
1341 2114 1403 2152 be-

123 2182 353 2231 nignitatem
373 2187 412 2218 et
431 2181 600 2218 studium
623 2181 740 2219 Sullae
761 2181 884 2219 libens
903 2179 1056 2229 accepit.
1114 2178 1248 2215 Romae
1262 2177 1400 2226 legatis

124 2246 217 2294 ejus,
237 2245 252 2275 ⁴-
263 2250 462 2296 postquam
482 2246 652 2281 ‘errasse
683 2257 822 2294 regem,
842 2248 881 2280 et
911 2241 1118 2291 Jugurthae
1151 2239 1402 2288 scelere'lap-

123 2310 228 2357 sum,'
263 2308 456 2358 deprecati
489 2302 588 2356 suut,
620 2307 827 2343 amicitiam
859 2310 898 2343 et
930 2305 1052 2342 foedus
1082 2302 1302 2352 petentibus
1329 2301 1400 2339 hoc

122 2372 235 2411 modo
254 2372 528 2425 respondetur:
558 2371 577 2391 ‘⁴
594 2370 758 2408 Senatus
778 2375 817 2407 et
835 2368 996 2419 populus
1016 2367 1212 2405 Romanus
1226 2365 1400 2405 beneficii
