1630 2612
0 839 20 872 *κ’
0 746 11 809 *m*
0 620 19 738 νῆϊν-’ξ-
0 562 9 610 Ψ

183 171 228 207 14
526 182 565 206 C.
615 181 794 207 CRISPI
841 181 1121 206 SALLUSTII

173 282 278 331 bilia,
305 283 419 320 nimis
453 283 532 320 alta
574 296 722 332 semper
750 283 937 332 cupiebat.
1009 283 1126 320 Hunc
1154 283 1264 332 ‘'post
1292 282 1458 321 domina-

175 347 313 385 tionem
345 347 456 384 Lucii
486 347 604 385 Sullae
632 347 751 384 libido
786 347 953 384 maxima
992 347 1183 383 invaserat
1213 346 1270 384 rei
1294 346 1458 396 publieae

171 411 391 460 capiundae3
427 423 548 460 neque
581 410 620 447 id
646 410 786 460 quibus
813 410 937 447 modis
965 415 1241 460 assequeretur,
1261 410 1351 447 dum
1382 409 1456 447 sibi

119 480 134 505 'a
170 486 327 522 regnum
373 478 537 522 pararet,
570 473 779 523 quidquam
825 473 934 522 pensi
970 473 1146 510 habebat.
1220 472 1456 522 Agitabatur

169 532 290 586 magis
310 537 506 587 magisque
528 538 537 555 ⁷
554 537 592 573 in
613 537 694 573 dies
714 537 864 573 animus
879 537 986 573 ferox
1014 536 1141 587 inopia
1168 535 1224 573 rei
1250 535 1455 575 familiaris

167 605 206 636 et
225 599 458 636 conscientia
478 600 664 637 scelerum
682 613 689 649 3
725 613 810 650 quae
829 605 992 650 utraque
1014 599 1080 636 'his
1108 599 1255 637 artibus
1283 604 1453 648 auxerat,

165 676 260 714 quas
294 676 407 713 supra
441 664 656 701 memoravi.
741 663 963 701 Incitabant
995 667 1180 713 praeterea
1207 663 1376 713 corrupti
1403 663 1452 700 ci-

164 725 297 763 vitatis
317 738 451 774 mores,
472 725 484 742 ‘³
498 738 593 775 quos
613 725 777 775 pessima
797 738 839 762 ac
860 725 1010 762 diversa
1038 725 1138 762 inter
1157 737 1196 762 se
1215 724 1328 774 mala,
1345 725 1453 762 luxu—

163 786 222 824 ria
250 792 365 836 atque
394 787 567 834 avaritia,
598 787 798 824 vexabant.
873 787 978 824 ⁹Res
1007 787 1088 836 ipsa
1115 786 1261 824 hortari
1287 786 1452 836 videtur,

162 851 340 901 quoniam
380 850 426 887 de
473 851 642 887 moribus
680 851 849 887 civitatis
895 856 1045 900 tempus
1091 850 1300 899 admonuit,
1338 863 1452 900 supra

161 919 343 963 repetere,
371 927 414 950 ac
451 914 580 963 paucis
620 914 801 950 instituta
843 915 1030 962 majorum
1069 914 1172 951 domi
1212 913 1450 964 militiaeque,

161 976 352 1026 quomodo
390 989 470 1012 rem
508 976 701 1026 publicam
747 975 962 1024 habuerint,
995 980 1252 1026 quantamque
1289 975 1450 1026 relique-

158 1038 248 1086 rint,
280 1043 325 1075 ut
362 1039 548 1088 paulatim
587 1039 804 1087 immutata,
837 1051 885 1075 ex
921 1038 1177 1088 pulcherrima
1209 1037 1374 1087 pessima
1405 1050 1448 1075 ac

158 1099 457 1149 flagitiosissima
485 1101 588 1137 facta
617 1101 678 1149 sit,
707 1101 903 1138 disserere.

237 1162 309 1200 VI.
342 1163 487 1201 Urbem
510 1163 685 1212 Romam,
706 1163 820 1200 sicuti
840 1174 909 1212 ego
930 1164 940 1181 ¹
955 1163 1095 1212 accepi,
1111 1163 1314 1201 condidere
1331 1168 1446 1214 atque

156 1226 323 1264 habuere
362 1227 473 1264 initio
514 1227 683 1276 Trojani,
719 1227 797 1277 qui,
836 1227 970 1264 Aenea
1007 1227 1114 1276 duce,
1150 1227 1302 1276 profugi
1348 1226 1445 1265 sedi·

155 1286 226 1326 bus
255 1288 412 1325 incertis
440 1289 703 1337 vagabantur3
745 1302 905 1339 cunique
934 1289 994 1325 his
1022 1288 1294 1339 ²Aborigines,
1321 1301 1443 1338 genus

154 1350 351 1387 hominum
386 1358 547 1400 agreste,
576 1352 657 1389 sine
692 1352 853 1401 legibus,
887 1352 967 1388 sine
1000 1351 1170 1401 imperio,
1197 1351 1360 1389 liberum
1389 1356 1444 1389 at*

153 1426 227 1464 que
266 1414 443 1451 solutum.
517 1415 599 1451 ³Hi
632 1420 833 1465 postquam
872 1415 910 1451 in
948 1428 1024 1451 una
1056 1414 1194 1451 moenia
1222 1427 1442 1464 convenere,

153 1477 295 1527 dispari
324 1491 474 1527 genere,
502 1478 681 1515 dissimili
711 1478 854 1528 lingua,
885 1478 983 1515 alius
1022 1477 1100 1515 alio·
1125 1490 1229 1515 more
1256 1478 1441 1527 viventes,

152 1541 378 1578 incredibile
417 1548 631 1579 memoratu
668 1546 737 1590 est,
765 1555 879 1592 quam
917 1542 1028 1579 facile
1066 1541 1286 1579 coaluerint.
1363 1541 1458 1580 Sed*

150 1610 351 1656 postquam
381 1607 393 1623 ⁴
410 1618 470 1643 res
499 1619 629 1643 eorum
663 1607 822 1655 civibus,
850 1606 1031 1654 moribus,
1061 1606 1163 1656 agris
1190 1609 1314 1655 aucta,
1342 1605 1438 1643 satis

149 1682 330 1718 prospera
358 1671 527 1720 satisque
555 1671 704 1720 pollens
731 1670 946 1719 videbatur,
975 1670 1090 1708 sicuti
1123 1669 1304 1720 pleraque
1342 1682 1438 1708 mor-

149 1733 286 1770 talium
316 1735 516 1783 habentur,
545 1735 691 1772 invidia
729 1749 776 1772 ex
816 1735 1012 1785 opulentia
1049 1739 1133 1772 orta
1171 1738 1238 1772 est.
1309 1733 1438 1784 Igitur

146 1809 255 1844 reges
287 1797 493 1848 populique
526 1798 681 1835 finitimi
715 1798 816 1835 bello
851 1799 1037 1846 ‘'tentare,
1068 1793 1266 1848 pauor-'ex
1303 1797 1435 1835 amicis

146 1859 291 1897 auxilio
329 1873 431 1909 esse;
473 1873 560 1897 nam
595 1861 715 1898 ceteri
748 1866 854 1898 metu
886 1860 1052 1910 perculsi
1085 1874 1107 1898 a
1136 1860 1320 1911 periculis
1351 1859 1435 1898 abe—

120 1926 244 1960 rant.
330 1923 387 1960 At
429 1922 596 1961 Romani
638 1924 740 1961 domi
781 1924 1008 1974 militiaeque
1053 1923 1195 1973 intenti
1238 1922 1433 1972 festinare,

144 1996 291 2035 parare,
324 1985 423 2022 alius
462 1986 582 2023 alium
621 1986 777 2035 hortari,
811 1986 986 2024 hostibus
1025 1986 1177 2025 obviam
1215 1986 1283 2035 ire,
1319 1985 1432 2023 liber-

143 2053 278 2098 tatern,
322 2049 495 2099 patriam,
533 2055 785 2101 parentesque
832 2051 949 2091 armis
996 2055 1134 2100 tegere.
1210 2049 1318 2097 Post,
1361 2049 1430 2087 ubi

145 2111 316 2161 pericula
342 2112 487 2158 virtute
515 2113 776 2162 propulerant,
805 2114 917 2151 sociis
957 2118 1071 2164 atque
1111 2111 1244 2149 amicis
1283 2111 1429 2149 auxilia

143 2173 398 2223 ⁶portabant;
445 2174 642 2225 magisque
671 2175 807 2212 dandis
835 2189 948 2225 quam
977 2173 1207 2224 accipiendis
1235 2172 1428 2211 beneficiis

142 2236 333 2274 amicitias
378 2237 574 2288 parabant.
650 2238 887 2287 ⁷Imperium
935 2237 1163 2287 legitimum,
1189 2249 1327 2274 nomen
1359 2235 1426 2273 im-

140 2298 238 2347 perii
275 2300 439 2348 regium·
459 2299 674 2338 habebant:
719 2299 870 2348 delecti,
897 2299 1037 2350 quibus
1066 2310 1202 2348 corpus
1229 2298 1338 2335 annis
1372 2297 1426 2334 in·

141 2359 304 2411 firmum,
322 2361 517 2410 ingenium
536 2352 734 2412 'sapientia
766 2361 940 2400 validum
968 2365 1061 2410 erat,
1080 2360 1137 2398 rei
1155 2359 1320 2411 publicae
1338 2373 1424 2399 cou-
