1630 2626
237 183 285 221 '78
583 195 625 220 c.
675 195 855 221 cn1si>1
900 195 1204 222 SALLUSTII.

232 295 463 346 quaestiones
483 295 657 345 injustas,
675 296 847 347 plerique
867 296 1009 334 caedem
1029 296 1068 334 in
1087 309 1153 334 vos
1171 295 1320 347 fecisse,
1338 309 1406 347 pro
1434 309 1513 335 mu-

230 359 400 395 nimento
430 359 582 396 habent.
642 359 745 396 llIta
774 373 889 410 quam
919 359 1080 409 quisque
1109 359 1272 409 pessime
1301 360 1404 409 fecit,
1432 365 1511 398 tam

229 422 395 458 maxime
415 426 522 458 tutus
543 426 624 469 est,
659 427 804 458 metum
824 435 846 459 a
872 422 1013 459 scelere
1042 435 1109 459 suo
1137 422 1186 459 ad
1214 423 1404 472 ignaviam
1431 436 1510 461 ves-

228 489 328 521 tram
349 484 603 521 transtulere:
633 497 727 535 quos
747 497 875 521 omnes
896 485 1028 521 eadem
1048 497 1195 534 cupere,
1214 485 1347 522 eadem
1374 485 1509 535 odisse,

227 547 360 584 eadem
381 553 551 584 metuere
571 547 610 583 in
629 560 747 584 unum
767 547 894 596 coegit
911 561 917 583 :
953 547 1020 584 sed
1040 547 1119 585 haec
1146 548 1246 585 inter
1273 547 1392 586 bonos
1419 548 1509 585 ami-

226 609 329 657 citia,
350 610 375 626 ¹²
389 609 490 646 inter
511 609 630 646 malos
653 608 769 646 factio
789 614 856 645 est.
916 609 941 626 ¹³
956 608 1066 653 Quod
1086 609 1118 646 si
1138 613 1215 646 tam
1234 621 1301 647 vos
1315 609 1509 646 libertatis

226 684 354 708 curam
376 671 580 720 haberetis,
599 685 713 721 quam
734 671 792 708 illi
823 671 871 708 ad
902 671 1200 725 dominationem
1231 671 1384 709 accensi
1406 676 1508 720 sunt,

222 736 394 785 profecto
415 748 537 786 neque
558 748 617 772 res
637 735 935 784 publica,·sicuti
954 747 1065 783 nunc,
1084 740 1311 784 vastaretur,
1330 740 1370 772 et
1397 735 1507 773 bene—

221 797 307 834 ficia
336 803 464 835 vestra
494 811 609 847 penes
639 798 814 847 optimos,
832 810 906 834 non
931 797 1215 845 audacissimos,
1234 798 1367 835 forent.
1425 796 1506 834 Ma-

219 862 321 910 jores
341 861 460 898 vestri
480 860 640 909 parandi
665 859 764 909 juris
785 865 824 896 et
843 860 1058 908 majestatis
1074 859 1352 897 constituendae
1379 859 1504 908 gratia

219 923 279 961 bis
298 937 365 972 per
385 924 634 960 secessionem
655 923 794 960 armati
815 922 1052 959 Aventinum
1073 934 1300 972 occupavere
1317 935 1324 958 :
1350 934 1416 959 vos
1434 934 1502 970 pro

217 985 411 1035 libertate,
430 999 545 1036 quam
564 986 611 1023 ab
632 986 710 1022 illis
730 985 941 1034 accepistis,
954 998 1027 1021 non
1047 998 1194 1021 summa
1210 997 1278 1033 ope
1293 983 1500 1020 nitemini‘.²

218 1053 332 1099 atque
354 1061 397 1086 eo
417 1048 692 1096 vehementius,
712 1061 786 1098 quo
807 1049 931 1095 majus
951 1047 1115 1083 dedecus
1135 1052 1194 1083 est
1213 1047 1240 1064 ¹⁴
1255 1051 1365 1095 parta
1393 1044 1501 1082 amit·

217 1116 308 1158 tere,
328 1125 442 1161 quam
473 1111 626 1148 omnino
656 1123 730 1147 non
759 1110 958 1159 paravisse.
1017 1109 1130 1146 Dicet
1160 1109 1321 1159 aliquis:
1360 1107 1499 1152 “Quid

215 1173 335 1222 igitur
355 1186 484 1210 censes
500 1174 537 1210 <2⁷²
594 1174 620 1190 ¹⁵
634 1173 920 1210 Vindicandum
943 1173 979 1208 in
1001 1185 1075 1222 eos,
1095 1172 1161 1222 qui
1181 1172 1281 1209 hosti
1297 1171 1516 1221 prodidere·

214 1249 294 1273 rem
314 1236 507 1285 publicam
526 1249 532 1283 3
568 1249 643 1273 non
663 1249 777 1272 manu
796 1248 918 1285 neque
938 1236 986 1284 vi,
1007 1236 1108 1285 quod
1129 1235 1250 1284 magis
1269 1247 1335 1272 vos
1362 1234 1496 1271 fecisse

213 1311 327 1348 quam
361 1298 438 1335 illis
470 1299 652 1335 accidisse
681 1298 880 1347 indignum
912 1302 980 1345 est,
999 1310 1131 1334 verum
1151 1297 1428 1347 quaestionibus
1455 1301 1495 1333 et

211 1362 353 1399 indicio
374 1362 492 1410 ipsius
513 1362 542 1398 J
544 1361 730 1411 ugurthae,
743 1362 809 1411 qui
829 1361 861 1398 si
882 1361 1082 1398 dedititius
1103 1365 1172 1407 est,
1190 1361 1360 1410 profecto
1376 1360 1494 1409 jussis

211 1424 348 1462 vestris
377 1424 558 1461 obediens
589 1424 688 1471 erit3
722 1424 779 1460 sin
811 1437 855 1460 ea
885 1423 1106 1471 contemnit,
1127 1423 1275 1460 scilicet
1302 1423 1494 1460 existima-

210 1488 303 1526 bitis
323 1487 448 1538 qualis
469 1487 536 1524 illa
556 1501 630 1537 pax
651 1493 717 1524 aut
738 1487 882 1524 deditio
914 1487 975 1534 sit,
996 1499 1042 1523 ex
1073 1499 1147 1536 qua
1177 1486 1225 1522 ad
1255 1485 1492 1535 Jugurtham

210 1551 395 1589 scelerum
427 1550 646 1599 impunitas,
675 1551 723 1587 ad
754 1563 892 1599 paucos
925 1555 1101 1599 potentes
1129 1549 1306 1586 maximae
1334 1548 1492 1597 divitiae,

208 1614 247 1652 in
263 1627 342 1651 rem
362 1613 553 1663 publicam
575 1614 712 1650 damna
731 1619 846 1663 atque
867 1613 1052 1650 dedecora
1067 1611 1319 1662 pervenerint.
1362 1612 1387 1630 ¹⁶
1402 1612 1491 1649 Nisi

206 1678 305 1715 forte
326 1678 494 1714 nondum
515 1678 630 1714 etiam
650 1690 716 1714 vos
737 1676 1009 1714 dominationis
1029 1689 1158 1713 eorum
1188 1675 1345 1712 satietas
1373 1679 1490 1724 tenet,

206 1746 246 1778 et
265 1741 332 1777 illa
352 1755 465 1791 quam
486 1741 566 1778 haec
594 1746 765 1790 tempora
786 1740 907 1789 magis
933 1740 1095 1789 placent,
1114 1752 1231 1789 quum
1261 1751 1389 1788 regna,
1407 1749 1490 1788 pro-

204 1803 352 1851 vinciae,
372 1804 488 1852 legeS,
503 1805 602 1852 jura,
627 1803 785 1852 judicia,
805 1803 907 1840 bella
935 1808 1048 1852 atque
1077 1815 1198 1851 paces,
1217 1806 1407 1851 postremo
1434 1800 1489 1838 di-

203 1866 293 1904 vina
313 1871 351 1903 et
370 1867 536 1902 humana
557 1866 683 1902 omnia
703 1879 818 1915 penes
838 1878 977 1914 paucos
998 1870 1107 1902 erant
1124 1878 1131 1913 3
1161 1877 1227 1902 vos
1255 1869 1394 1911 autem,
1414 1863 1485 1900 hcc

203 1934 272 1978 est,
291 1929 452 1979 populus
473 1929 680 1975 Romanus,
700 1929 832 1965 invicti
855 1929 902 1966 ab
928 1928 1114 1969 hostibus,
1134 1928 1382 1977 imperatores
1410 1939 1486 1963 om-

202 1993 307 2030 nium
327 1992 511 2041 gentium,
531 1992 625 2028 satis
644 1992 845 2029 habebatis
866 1991 1030 2028 animam
1052 1991 1216 2028 retinere
1234 2003 1240 2038 ;
1262 2003 1348 2026 nam
1370 1989 1484 2026 servi-

201 2060 324 2092 tutem
344 2055 498 2105 quidem
519 2045 792 2105 quis⁶vestrum
812 2067 986 2091 recusare
1005 2054 1199 2091 audebat?
1255 2053 1386 2102 Atque
1401 2064 1483 2101 ego,

200 2119 356 2155 tametsi
374 2118 455 2156 viro
475 2118 813 2166 flagitiosissimum
834 2118 1012 2155 existimo
1034 2118 1184 2165 impune
1215 2115 1395 2164 injuriam
1424 2127 1481 2151 ac—

200 2183 374 2232 cepisses
393 2187 520 2219 tamen
557 2195 623 2219 vos
669 2182 887 2218 hominibus
929 2180 1232 2219 sceleratissimis
1274 2179 1480 2228 ignoscere,

199 2245 378 2295 quoniam
410 2245 510 2282 cives
540 2249 638 2290 sunt,
664 2257 772 2294 aequo
803 2245 928 2281 animo
958 2249 1119 2293 paterer,
1147 2242 1186 2278 ni
1218 2241 1478 2278 misericordia

200 2308 226 2325 ²⁷
240 2307 278 2344 in
299 2307 504 2357 pernicicm
525 2319 658 2343 casura
687 2312 795 2343 esset.
854 2307 954 2344 Nam
983 2311 1021 2343 et
1050 2305 1138 2353 illis,
1160 2306 1382 2355 ¹⁸quantum
1411 2304 1478 2341 im-

199 2371 447 2420 portunitatis
480 2370 632 2420 habent,
651 2383 785 2420 parum
819 2375 878 2408 est
910 2370 1063 2419 impune
1095 2368 1194 2406 male
1227 2369 1372 2418 fecisse,
1401 2367 1476 2406 nisi
