1566 2586
609 167 913 195 :noun-rua.
1349 155 1420 192 12⁷

112 286 245 317 omnes
271 275 419 326 adesse,
437 274 597 313 laudare
618 278 658 312 et
685 273 886 323 inerepare
914 274 1118 308 merentes.
1178 268 1271 320 Ipse
1300 282 1422 307 arma-

59 386 62 389 ,
113 346 176 380 tus
194 341 458 403 intentusque,
485 339 605 377 ¹‘item
626 337 774 376 milites
793 335 982 386 cogebat;
1013 347 1139 385 neque
1161 346 1283 382 secus,
1304 339 1422 384 atque

113 406 189 444 iter
216 405 356 454 facere,
384 409 513 442 castra
546 403 711 453 munire,
742 400 995 439 ⁸excubitum
1025 399 1065 436 in
1098 404 1211 450 porta
1244 375 1423 436 cohortes

115 483 161 509 ex
189 469 420 521 legionibus,
436 481 506 519 pro
530 467 669 506 castris
699 466 852 518 equites
882 463 1111 503 auxiliarios
1141 462 1311 511 mittere,
1330 475 1424 512 prae-

116 539 220 572 terea
239 532 338 572 alios
357 545 473 583 super
487 531 635 570 vallum
654 531 696 568 in
714 529 968 568 munimentis
984 527 1112 566 locare
1128 541 1135 565 :
1165 526 1323 578 vigilias
1343 525 1424 576 ipse

113 597 330 648 circumire,
358 610 436 635 non
469 601 550 634 tam
571 594 785 634 diffidentia
810 594 999 643 futurum,
1025 605 1112 644 quae
1142 590 1425 642 imperavisset,

113 675 231 714 quam
250 662 311 700 uti
330 661 526 700 militibus
546 665 772 711 exaequatus
792 672 880 696 cum
911 658 1145 708 imperatore
1169 656 1279 694 labos
1298 655 1426 693 volen-

113 726 222 766 tibus
254 731 366 765 esset.
426 725 480 763 Et
512 738 603 763 sane
626 724 776 762 Marius
807 723 952 775 illoque
985 722 1150 773 aliisque
1183 719 1426 771 temporibus

116 789 352 841 Jugurthini
397 789 520 828 ⁷belli
563 788 708 839 pudore
753 788 877 838 magis
914 800 1030 838 quam
1069 785 1171 823 malo
1210 784 1427 822 exercitum

116 854 344 894 coercebat:
373 854 478 906 quod
507 853 624 891 multi
654 865 722 903 per
752 851 1006 890 ambitionem
1025 850 1109 888 fieri
1139 849 1308 899 aiebant,
1327 861 1428 899 pars,

116 918 222 970 quod
258 931 282 956 a
316 918 485 969 pueritia
518 923 742 955 consuetam
776 917 962 954 duritiam
1001 921 1041 953 et
1074 914 1162 964 alia,
1190 927 1278 966 quae
1306 913 1427 951 ceteri

119 981 297 1020 miserias
315 987 466 1032 vocant,
485 981 679 1032 voluptati
700 981 924 1019 habuisset:
955 980 1030 1017 nisi
1052 986 1183 1017 tamen
1196 978 1428 1029 respublica

119 1045 268 1096 pariter
288 1058 332 1082 ae
352 1045 564 1083 saevissimo
585 1045 759 1095 imperio,
778 1045 876 1082 bene
898 1050 1014 1095 atque
1035 1044 1173 1083 decore
1193 1049 1313 1093 gesta.

201 1108 268 1147 CI.
311 1109 443 1159 Igitur
471 1114 610 1160 quarto
642 1109 807 1160 denique
835 1108 909 1157 die,
930 1108 1034 1145 haud
1064 1108 1178 1158 longe
1208 1107 1256 1145 ab
1287 1106 1429 1157 oppido

123 1171 235 1212 Cirta.
253 1173 427 1224 undique
449 1173 566 1210 simul
586 1173 848 1223 speculatores
875 1173 884 1190 ¹
899 1172 969 1209 citi
999 1185 1082 1209 sese
1111 1171 1334 1219 ostendunt,
1354 1184 1431 1222 qua

121 1250 163 1275 re
191 1237 323 1275 hostes
350 1237 485 1275 adesse
514 1237 768 1287 intellegitur.
828 1237 906 1275 Sed
924 1237 1018 1287 quia
1038 1235 1182 1274 diversi
1210 1235 1430 1284 redeuntes,

122 1301 223 1340 alius
252 1301 301 1340 ab
320 1301 398 1339 alia
426 1307 548 1352 parte,
569 1306 686 1352 atque
706 1314 838 1339 omnes
866 1301 970 1338 idem
995 1300 1277 1350 significabant,
1297 1298 1430 1337 consul

121 1367 304 1416 incertus,
323 1380 492 1418 quonam
514 1366 628 1404 modo
650 1366 773 1404 aciem
803 1366 1028 1415 instrueret,
1047 1365 1155 1403 nullo
1176 1365 1311 1403 ordine
1333 1378 1431 1402 eom-

120 1436 283 1479 mutato,
316 1430 523 1469 adversum
558 1430 686 1468 omnia
718 1435 879 1480 paratus
910 1430 1056 1468 ibidem
1088 1430 1298 1480 opperitur.
1365 1429 1432 1467 Ita

121 1494 391 1544 'Jugurtham
424 1508 511 1545 spes
541 1495 742 1532 frustrata.
767 1494 835 1545 qui
866 1494 996 1544 copias
1030 1494 1070 1531 in
1100 1500 1267 1545 quatuor
1300 1500 1432 1544 partes

125 1558 394 1606 distribuerat,
414 1564 523 1596 ratus
544 1571 592 1595 ex
612 1558 792 1596 omnibus
811 1571 920 1608 aeque
941 1558 1092 1608 aliquos
1114 1558 1163 1596 ab
1183 1564 1293 1608 tergo
1315 1558 1432 1595 hosti-

122 1622 197 1661 bus
225 1628 418 1660 venturos.
477 1621 644 1659 Interim
679 1621 801 1669 Sulla,
829 1634 944 1672 quem
978 1622 1146 1671 primum
1179 1621 1310 1659 hostes
1344 1622 1434 1658 atti-

123 1690 274 1736 gerant,
302 1685 526 1723 cohortatus
560 1698 660 1734 suos,
689 1685 892 1722 turmatim
927 1690 966 1722 et
999 1699 1114 1736 quam
1149 1685 1319 1723 maxime
1349 1699 1434 1723 con·
1484 1709 1486 1712 v

124 1751 238 1789 fertis
268 1750 390 1802 equis,
414 1750 495 1800 ipse
526 1750 670 1801 aliique
702 1750 861 1787 Mauros
892 1751 1106 1799 invadunt;
1138 1751 1259 1789 ceteri
1289 1752 1329 1788 in
1349 1751 1434 1789 loco

125 1820 329 1853 manentes
359 1814 408 1853 ab
439 1814 581 1865 jaculis
611 1814 762 1852 eminus
793 1815 944 1852 emissis
975 1828 1134 1866 corpora
1165 1821 1309 1866 tegere,
1329 1822 1379 1865 et,
1401 1816 1433 1854 si

125 1879 193 1931 qui
224 1879 264 1916 in
284 1891 422 1916 manus
441 1883 638 1929 venerant,
658 1879 898 1917 obtruncare.
957 1879 1060 1917 Dum
1083 1893 1128 1917 eo
1147 1880 1262 1918 modo
1282 1880 1434 1931 equites

64 1949 68 1952 ⁴
125 1944 366 1996 proeliantur,
386 1944 398 1961 ³
412 1943 591 1981 Bocchus
610 1956 697 1981 cum
721 1944 931 1994 peditibus,
951 1957 1048 1995 quos
1069 1944 1206 1982 Volux
1224 1944 1328 1982 filius
1349 1946 1434 1994 ejus

126 2009 357 2059 adduxerat,
376 2022 502 2060 neque
523 2009 563 2046 in
583 2009 711 2059 priore
730 2023 872 2059 pugna,
893 2009 932 2046 in
962 2010 1102 2047 itinere
1130 2009 1284 2058 morati,
1305 2010 1435 2046 adfue-

126 2079 226 2124 rant,
253 2079 488 2125 postremam
518 2073 784 2111 Romanorum
813 2074 933 2112 aciem
961 2074 1160 2114 invadunt.
1221 2074 1322 2112 Tum
1354 2074 1435 2111 Ma-

126 2139 210 2177 rius
228 2138 331 2189 apud
351 2138 497 2188 primos
517 2138 529 2156 ⁴
543 2138 696 2188 agebat,
715 2139 818 2189 quod
838 2139 893 2177 ibi
914 2139 944 2177 J
946 2139 1116 2189 ugurtha
1137 2152 1224 2176 eum
1255 2137 1436 2188 plurimis

128 2207 221 2241 erat.
279 2202 380 2241 Dein
415 2203 600 2243 Numida,
634 2203 789 2253 cognito
823 2203 969 2241 Bocchi
997 2204 1179 2253 adventu,
1213 2203 1312 2240 clam
1347 2215 1435 2240 cum
1462 2250 1467 2255 .

127 2267 261 2318 paucis
279 2267 328 2305 ad
348 2268 500 2318 pedites
521 2268 736 2305 convertit:
767 2268 822 2306 ibi
844 2269 983 2306 Latine
1006 2269 1111 2318 (nam
1138 2268 1241 2318 apud
1264 2267 1436 2305 Numan—

130 2331 226 2368 tiam
258 2331 366 2383 loqui
395 2333 603 2384 didicerat)
626 2332 830 2383 exclamat,
860 2335 1039 2372 ‘nostros
1059 2334 1206 2371 frustra
1235 2345 1432 2382 pugnax-<35

130 2395 246 2447 paulo
264 2401 354 2434 ante
375 2397 545 2436 Marium
567 2411 636 2435 sua
662 2411 778 2436 manu
809 2398 1058 2438 interfectum
1075 2400 1092 2435 :’
1124 2397 1240 2434 simul
1260 2396 1434 2448 gladium
