1586 2600
0 0 278 124 rt'mq'
285 0 302 6 '²
341 0 379 17 W.
448 4 458 8 ”

45 55 51 66 ,¹
173 50 178 54 »

355 215 367 226 a

11 2154 13 2157 .
0 1998 18 2126 ,qua-zm*

634 231 942 259 JUGURTHA.
1399 221 1449 260 67

131 339 196 391 sit,
215 338 338 392 queri,
357 338 462 392 quod
482 338 668 390 injuriam
688 338 818 376 facere
837 336 1100 389 nequivisset:
1133 335 1164 374 J
1166 335 1377 386 ugurtham
1400 336 1448 375 ab

131 403 270 443 senatu
298 409 444 454 petere,
463 417 511 441 ne
533 416 572 441 se
594 403 716 441 alium
738 406 935 453 putarent,
955 414 998 438 ae
1021 401 1249 439 Numantiae
1269 400 1449 450 cognitus

133 473 246 518 esset,
265 481 342 506 neu
361 467 480 506 verba
514 467 665 504 inimici
697 471 788 504 ante
809 466 915 504 facta
935 479 1004 504 sua
1023 466 1237 515 ponerent.⁷
1295 464 1448 502 Deinde

131 532 319 584 'utrique
353 531 462 570 curia
496 531 761 582 egrediuntur.
835 530 1005 569 Senatus
1039 530 1175 568 statim
1208 528 1446 567 consulitur:

130 597 303 635 fautores
322 597 553 647 legatorum,
573 601 764 646 praeterea
784 595 796 613 ³
809 608 951 645 magna
970 607 1060 645 pars
1078 594 1208 645 gratia
1228 593 1449 644 depravata,

132 660 376 700 Adherbalis
407 660 514 698 dicta
534 665 792 709 contemnere,
814 659 844 697 J
846 658 1028 709 ugurthae
1047 658 1235 697 virtutem
1257 657 1448 695 extollere

131 725 339 776 laudibus3
370 725 510 776 gratia,
531 725 825 776 voce,denique
855 724 1036 763 omnibus
1066 724 1193 762 modis
1222 737 1292 775 pro
1321 723 1448 761 alieno

133 793 278 831 scelere
313 796 355 830 et'
386 791 548 842 flagitio,
579 804 649 830 sua
681 790 794 842 quasi
827 803 897 841 pro
925 789 1062 840 gloria,
1093 789 1331 828 nitebantur.
1390 789 1449 826 At

133 861 269 896 contra
287 856 412 907 pauci,
431 856 574 908 quibus
594 856 738 894 bonum
770 860 810 893 et
840 868 995 906 aequum
1030 854 1182 892 divitiis
1202 853 1332 892 carius
1351 857 1448 902 erat,

133 919 470 959 ‘subveniundum
504 919 736 969 Adherbali,
768 924 808 957 et
844 918 1087 969 Hiempsalis
1118 922 1283 955 mortem
1315 929 1448 955 severe

133 985 415 1024 vindicandam’
437 984 667 1022 censebant:
691 984 759 1022 sed
780 997 827 1021 ex
848 983 1028 1022 omnibus
1048 982 1218 1020 maxime
1239 981 1448 1020 ⁴AEmilius

137 1049 318 1099 Scaurus,
335 1049 450 1087 homo
483 1048 639 1098 nobilis,
659 1048 837 1099 impiger,
858 1048 1058 1097 factiosus,
1079 1047 1217 1086 avidus
1247 1047 1447 1097 potentiae,

135 1113 303 1164 honoris,
334 1113 574 1163 divitiarum,
605 1118 779 1150 eet-erum
808 1113 908 1150 vitia
950 1125 1021 1150 sua
1060 1112 1202 1150 callide
1234 1111 1444 1149 occultans.

135 1178 178 1216 Is
209 1183 414 1230 postquam
449 1178 559 1216 videt
588 1177 716 1228 ‘regis
746 1177 996 1227 largitionem
1028 1177 1217 1215 famosam
1247 1176 1448 1227 impuden-

131 1245 300 1292 temque,
319 1241 479 1290 veritus,
511 1240 615 1292 quod
650 1240 690 1278 in
719 1240 790 1277 tali
820 1254 861 1278 re
882 1240 992 1290 solet,
1022 1254 1071 1278 ne
1106 1240 1256 1291 polluta
1286 1239 1449 1278 licentia

131 1303 320 1342 invidiam
341 1304 581 1353 accenderet,
602 1304 774 1341 animum
796 1317 818 1341 a
838 1309 1023 1342 consueta
1053 1305 1218 1343 libidine
1239 1304 1444 1343 continuit.

211 1366 330 1405 XVI.
365 1368 375 1385 ¹
392 1366 504 1405 Vicit
516 1369 663 1405 'tamen
695 1368 736 1404 in
766 1373 905 1405 senatu
935 1381 1026 1418 pars
1047 1367 1128 1418 illa,
1147 1380 1234 1420 quae
1253 1381 1344 1406 vero
1364 1381 1447 1418 pre-

129 1431 230 1470 tium
265 1437 333 1469 aut
365 1432 534 1482 gratiam
564 1432 818 1471 anteferebat.
877 1432 1089 1471 Decretum
1120 1433 1175 1483 fit,
1196 1433 1279 1471 ‘uti
1311 1433 1446 1471 decem

129 1496 252 1547 legati
285 1510 460 1547 regnum,
481 1497 585 1548 quod
618 1497 785 1548 Micipsa
808 1497 1055 1547 obtinuerat,
1076 1497 1180 1535 inter
1201 1497 1230 1535 J
1233 1497 1445 1548 ugurtham

127 1566 169 1598 et
190 1560 458 1599 Adherbalem
479 1561 724 1599 dividerent.’
772 1562 784 1580 ²
801 1561 923 1611 Cujus
943 1562 1150 1612 legationis
1170 1561 1350 1612 princeps
1368 1562 1446 1599 fuit

135 1624 179 1662 L.
207 1624 400 1675 Opimius,
431 1625 546 1662 homo
580 1626 708 1663 clarus
741 1630 782 1662 et
816 1631 899 1662 tum
934 1625 974 1662 in
1009 1630 1147 1663 senatu
1176 1631 1325 1675 potens,
1353 1625 1446 1676 quia

130 1687 280 1738 consul,
302 1687 343 1727 O.
367 1687 545 1727 Graccho
577 1694 617 1725 et
649 1688 702 1725 M.
738 1688 879 1726 Fulvio
914 1688 1058 1726 Flacco
1089 1689 1322 1738 interfectis,
1343 1702 1446 1726 acer-

129 1752 227 1790 rime
271 1751 476 1789 victoriam
509 1751 731 1790 nobilitatis
765 1752 805 1789 in
838 1752 994 1802 plebem
1029 1758 1267 1790 exercuerat.
1340 1752 1443 1791 Eum

129 1816 158 1854 J
164 1816 333 1866 ugurtha
352 1815 511 1853 tametsi
548 1815 685 1854 Romae
715 1815 755 1852 in
785 1816 954 1854 inimicis
985 1816 1187 1865 habuerat,
1208 1822 1340 1854 tamen
1361 1817 1445 1855 ⁸ac-

128 1880 375 1918 curatissime
407 1880 574 1930 recepit:
606 1880 733 1918 dando
763 1885 803 1918 et
831 1881 1088 1931 pollicitando
1119 1881 1247 1919 multa
1267 1882 1444 1932 perfecit,

126 1945 188 1982 uti
218 1945 342 1993 famae,
376 1945 462 1994 fide,
494 1950 689 1995 postremo
723 1946 904 1983 omnibus
938 1946 1019 1984 suis
1052 1946 1169 1984 rebus
1196 1947 1443 1984 commodum

127 2010 232 2060 regis
262 2009 485 2047 anteferret.
555 2009 746 2060 Reliquos
778 2009 928 2060 legatos
963 2011 1100 2048 eadem
1132 2011 1196 2049 via
1225 2024 1443 2061 aggressus,

127 2073 332 2124 plerosque
354 2073 480 2123 capit,
511 2073 645 2123 paucis
665 2073 790 2111 carior
809 2073 905 2111 fides
925 2087 1041 2125 quam
1062 2074 1228 2124 pecunia
1247 2074 1332 2111 fuit.
1393 2074 1443 2111 In

129 2137 332 2187 divisione,
354 2138 467 2189 ⁴quae
487 2151 576 2188 pars
611 2137 811 2176 Numidiae
843 2139 1123 2177 Mauritaniam
1153 2139 1328 2188 attingit,
1349 2151 1442 2187 agro

130 2203 303 2255 virisque
324 2203 555 2254 opulentior,
578 2204 791 2254 Jugurthae
821 2205 1009 2255 traditur,
1042 2204 1153 2252 illam
1174 2204 1339 2242 alteram
1361 2216 1442 2253 spe-

129 2267 187 2306 cie
216 2283 331 2320 quam
365 2283 438 2307 usu
468 2269 671 2320 potiorem,
691 2282 778 2321 quae
797 2270 1015 2321 portuosior
1042 2276 1081 2309 et
1110 2269 1286 2308 aedificiis
1316 2268 1442 2320 magis

130 2339 314 2371 exornata
335 2339 429 2379 erat,
451 2334 654 2372 Adherbal
675 2335 858 2384 possedit.

210 2395 351 2435 XVII.
384 2398 465 2436 Res
498 2398 698 2449 postulare
718 2399 874 2438 videtur
895 2401 1044 2438 Africae
1065 2401 1184 2437 situm
1215 2399 1350 2450 paucis
1379 2413 1440 2438 ex-

119 2463 282 2512 ponere,
302 2466 343 2499 et
367 2475 432 2500 eas
462 2468 612 2513 genteS,
632 2463 864 2514 quibuscum
884 2465 997 2504 nobis
1030 2464 1181 2504 bellum
1209 2469 1279 2503 aut
1309 2465 1438 2503 amici-
