1566 2586
611 176 917 204 JUGURTEA.
1349 168 1423 206 125

240 255 257 272 Q

110 281 300 324 Romanis
328 285 540 334 utrumque
579 294 711 319 casum
742 281 784 319 in
821 281 994 320 tenebris
1032 280 1290 320 difficiliorem
1327 282 1421 321 fore.

112 347 243 399 Igitur
262 346 381 391 simul
400 346 535 385 consul
555 359 604 385 ex
622 346 761 384 multis
780 346 828 384 de
848 346 1020 384 hostium
1036 346 1209 385 adventu
1230 348 1424 398 cognovit,

111 417 152 450 et
170 411 246 463 ipsi
263 411 396 450 hostes
416 411 581 449 aderant
595 424 603 461 3
626 416 678 461 et,
693 411 919 462 priusquam
940 411 952 428 ⁴
967 411 1164 449 exercitus
1185 417 1254 449 aut
1269 411 1425 461 instrui,

111 480 180 514 aut
199 475 371 514 sarcinas
391 475 589 526 colligere,
609 475 776 526 denique
796 480 1007 526 antequam
1029 475 1183 526 signum
1210 481 1280 513 aut
1307 476 1426 526 impe-

111 540 213 578 rium
244 539 370 578 ullum
403 539 578 591 accipere
609 539 747 591 quivit,
767 539 920 590 equites
953 539 1084 578 Mauri
1116 545 1233 592 atque
1266 539 1427 591 Gaetuli,

111 618 190 643 non
208 605 291 643 acie
310 618 437 657 neque
456 605 539 643 ullo
558 618 664 643 more
685 605 824 656 proelii,
838 605 906 643 sed
921 605 1236 656 catervatim‚uti
1252 619 1427 658 quosque

113 670 194 709 fors
212 670 522 721 conglobaverat,
544 670 584 708 in
604 675 760 708 nostros
780 675 1024 708 concurrunt.
1084 669 1163 716 Qui
1192 683 1325 708 omnes
1353 676 1428 708 tre-

113 735 198 786 pidi
218 735 427 786 improviso
446 740 566 785 metu,
586 747 631 772 ac
651 739 782 772 tamen
802 735 970 773 virtutes
999 748 1202 784 memores⁷
1223 740 1291 773 aut
1320 748 1428 773 arma

115 799 332 850 capiebant,
352 804 421 838 aut
441 799 638 850 capientes
658 799 756 837 alios
777 799 825 837 ab
841 799 1020 837 hostibus
1040 799 1317 838 defensabant:
1339 812 1430 850 pars

116 876 235 915 equos
269 863 515 914 ‘'ascendere,
546 863 699 902 obviam
731 863 787 901 ire
818 863 997 902 hostibus
1014 877 1021 914 ;
1063 877 1193 915 pugna
1223 863 1430 902 latrocinio

116 927 242 978 magis
260 941 377 980 quam
396 928 531 979 proelio
552 927 693 966 similis
712 928 817 979 fieri3
840 929 926 966 sine
947 929 1081 979 signis,
1101 929 1184 966 sine
1215 928 1431 979 ordinibus,

119 992 271 1044 equites
292 992 521 1044 peditesque
554 993 741 1043 permixti
761 993 910 1031 caedere
931 993 1039 1042 alios,
1056 993 1154 1031 alios
1173 993 1429 1043 obtruncare3

118 1055 277 1104 multos,
296 1060 431 1094 contra
459 1055 642 1094 adversos
669 1057 857 1094 acerrime
885 1062 1115 1107 pugnantes,
1145 1057 1192 1094 ab
1222 1062 1334 1107 tergo
1362 1057 1432 1095 cir-

120 1118 364 1157 cumvenire:
405 1131 530 1170 neque
563 1118 690 1158 virtus
720 1131 846 1170 neque
886 1133 994 1157 arma
1025 1120 1121 1157 satis
1154 1125 1297 1170 tegere,
1329 1119 1434 1170 quod

119 1182 252 1221 hostes
270 1195 431 1220 numero
451 1182 582 1233 plures
602 1187 642 1219 et
660 1182 832 1233 undique
848 1182 1074 1220 circumfusi
1090 1188 1211 1220 erant.
1254 1182 1433 1234 Denique

120 1247 134 1266 ⁸
149 1247 319 1286 Romani
338 1251 502 1296 veteres,
522 1246 701 1298 novique,
722 1252 762 1284 et
793 1247 842 1285 ob
874 1260 918 1284 ea
949 1247 1116 1285 scientes
1147 1247 1254 1296 belli,
1275 1247 1308 1285 si
1336 1258 1435 1298 quos

119 1310 228 1350 locus
248 1315 317 1349 aut
336 1324 450 1349 casus
470 1312 739 1361 conjunxerat,
760 1310 872 1349 orbes
895 1311 1034 1360 facere,
1055 1316 1172 1362 atque
1193 1311 1250 1348 ita
1279 1311 1328 1349 ab
1358 1324 1435 1348 om-

119 1375 235 1414 nibus
254 1374 432 1426 partibus
452 1374 571 1413 simul
590 1374 687 1412 tecti
707 1379 748 1412 et
767 1375 950 1412 instructi
977 1374 1147 1413 hostium
1177 1375 1257 1414 vim
1286 1379 1435 1413 susten-

120 1439 269 1478 tabant.

201 1503 405 1543 XCVIII.
452 1503 591 1555 Neque
625 1503 666 1541 in
699 1513 744 1541 eo
779 1505 790 1521 ¹
806 1508 888 1541 tam
922 1517 1056 1554 aspero
1093 1503 1251 1554 negotio
1283 1503 1436 1541 Marius

122 1569 296 1615 territus,
309 1574 377 1607 aut
389 1568 514 1618 magis
528 1581 644 1619 quam
662 1573 777 1605 antea
796 1567 965 1605 demisso
986 1568 1114 1605 animo
1134 1568 1212 1604 fuit
1229 1581 1236 1616 3
1259 1567 1327 1605 sed
1347 1581 1436 1605 cum

124 1637 254 1671 turma
274 1646 354 1682 sua,
373 1645 490 1683 quam
511 1644 559 1669 ex
579 1630 804 1668 fortissimis
823 1631 947 1680 magis
975 1644 1091 1682 quam
1120 1631 1438 1669 familiarissimis

123 1701 341 1749 paraverat,
360 1695 494 1746 vagari
514 1694 669 1745 passim,
690 1707 734 1732 ac
754 1694 868 1732 modo
889 1694 1159 1733 laborantibus
1179 1696 1259 1733 suis
1286 1709 1438 1734 succur-

124 1774 222 1811 rere,
240 1760 354 1799 modo
383 1759 526 1808 hostes,
546 1759 614 1797 ubi
644 1758 921 1796 confertissimi
951 1759 1198 1809 obstiterant,
1226 1759 1434 1809 invadere;

125 1838 244 1864 manu
274 1823 477 1863 consulere
507 1822 712 1873 militibus,
743 1822 924 1874 quoniam
960 1823 1163 1874 imperare,
1192 1823 1437 1862 conturbatis

126 1890 318 1939 omnibus,
330 1902 407 1927 non
427 1893 591 1939 poterat.
649 1887 821 1939 Jamque
842 1887 925 1925 dies
941 1893 1192 1938 consumptus
1208 1893 1303 1937 erat,
1317 1902 1437 1939 quum

126 1959 258 1993 tamen
273 1953 431 1993 barbari
446 1953 459 1971 ²
471 1952 571 1990 nihil
586 1952 798 2002 remittere,
812 1957 940 2004 atque,
958 1952 1018 1990 uti
1035 1965 1146 2002 reges
1161 1957 1439 2003 praeceperant,

129 2024 282 2058 noctem
302 2031 372 2069 pro
390 2030 430 2055 se
451 2017 539 2067 rati,
559 2017 686 2054 acrius
706 2016 861 2062 instare.
921 2016 1022 2054 Tum
1053 2016 1204 2054 Marius
1225 2017 1237 2034 ³
1251 2030 1300 2054 ex
1328 2016 1440 2066 copia

125 2097 256 2122 rerum
277 2082 482 2120 consilium
504 2081 637 2130 trahit,
657 2085 786 2132 atque,
804 2080 864 2118 uti
885 2081 964 2119 suis
984 2082 1158 2131 receptui
1187 2081 1295 2118 locus
1324 2085 1440 2138 esset,

130 2149 251 2188 colles
281 2149 378 2186 duos
408 2147 645 2198 propinquos
676 2146 780 2184 inter
812 2159 852 2185 se
883 2152 1055 2197 occupa-t,
1086 2160 1250 2198 quorum
1282 2146 1321 2183 in
1352 2158 1442 2196 uno,

129 2213 268 2251 castris
287 2227 423 2263 parum
444 2212 584 2262 amplo,
604 2212 690 2249 fons
711 2225 821 2262 aquae
840 2225 1003 2262 magnus
1024 2217 1118 2261 erat⁷
1140 2212 1239 2248 alter
1263 2210 1350 2247 usui
1380 2223 1443 2260 op-

129 2282 330 2327 portunus,
348 2277 440 2328 quia
460 2290 602 2327 magna
621 2280 732 2326 parte
753 2275 882 2314 editus
903 2281 943 2314 et
970 2289 1141 2326 praeceps
1170 2287 1292 2325 pauca
1322 2274 1443 2311 muni-

131 2345 262 2378 menta
280 2341 488 2391 quaerebat.
549 2340 733 2379 Ceterum
754 2340 855 2390 apud
875 2354 1015 2392 aquam
1037 2339 1187 2378 Sullam
1210 2351 1295 2376 cum
1321 2339 1444 2390 equit-

132 2403 220 2443 ibus
239 2409 391 2442 noctem
411 2405 560 2456 agitare
587 2405 703 2455 jubet
719 2418 726 2442 :
757 2404 839 2456 ipse
857 2405 1048 2456 paulatim
1070 2404 1266 2454 dispersos
1285 2403 1444 2456 milites,
