1566 2586
180 185 232 223 92
391 219 402 225 ..
529 197 572 222 o.
620 196 800 222 0R1S1²1
845 196 1124 224 santum-11

255 297 323 335 LI.
356 297 539 336 Ceterum
567 298 684 336 facies
711 298 831 336 totius
858 298 1005 348 negotii
1034 298 1152 348 varia,
1181 298 1338 349 incerta,
1356 299 1457 344 foeda

177 366 290 411 atque
310 361 560 398 miserabilis:
591 361 753 410 dispersi
773 375 794 398 a
814 362 903 410 suis,
923 362 1176 411 parscedere,
1195 361 1263 398 alii
1283 351 1468 413 insequi;‚

176 437 297 475 neque
326 425 434 474 signa
452 438 574 474 neque
595 426 746 462 ordines
767 426 988 473 observare;
1019 425 1086 463 ubi
1105 437 1292 476 quemque
1308 426 1456 475 >pericu-

176 487 254 524 lum
283 492 446 536 ceperat,
467 488 521 524 ibi
551 488 729 524 resistere
755 500 798 524 ac
828 487 1070 536 propulsare:
1102 489 1110 505 ¹
1126 501 1231 524 arma
1258 487 1347 536 tela,
1366 489 1455 539 equi

175 550 258 597 viri,
279 550 407 587 hostes
437 555 551 600 atque
573 551 674 587 cives
703 551 906 599 permixti;
938 550 1036 587 nihil
1055 551 1213 588 consilio
1244 563 1368 602 neque
1387 552 1454 589 im-

164 612 278 661 ssperio
298 613 381 661 agi5
412 613 490 649 fors
510 612 636 649 omnia
655 625 796 662 regere.
854 613 992 663 Itaque
1011 613 1176 650 multum
1203 613 1283 651 diei
1309 627 1455 664 proces-

174 679 286 722 serat,
305 687 422 724 quum
457 675 658 711 etiamtum
693 680 851 712 eventus
884 675 922 712 in
956 675 1101 712 incerto
1130 681 1222 712 erat.
1279 675 1454 727 Denique

173 737 350 774 omnibus
387 737 516 774 labore
554 742 594 774 et
634 743 731 775 aestu
769 737 972 786 languidis,
1011 737 1207 787 Metellus,
1242 738 1310 776 ubi
1345 739 1455 777 videt.

173 799 390 835 ²Numidas
423 799 550 835 minus
582 799 736 847 instare,
765 799 951 848 paulatim
984 799 1129 836 milites
1157 799 1196 836 in
1222 812 1342 837 unum
1370 812 1454 839 con·

173 860 291 909 ducit,
311 861 462 898 ordines
493 861 679 910 restituit,
699 867 738 898 et
757 861 931 898 cohortes
950 861 1179 910 legionarias
1197 867 1363 912 quatuor
1389 861 1452 900 ad-

171 935 322 960 versum
360 923 509 972 pedites
546 923 715 960 hostium
747 923 916 960 collocat.
989 923 1163 960 ⁵Eorum
1189 918 1332 973 'magna
1364 938 1452 974 pars

171 988 431 1036 superioribus
465 988 558 1024 locis
586 989 688 1024 fessa
721 988 954 1024 consederat.
1012 987 1136 1025 Simul
1169 999 1288 1036 orare,
1306 987 1452 1025 hortari

171 1050 325 1098 milites,
353 1051 420 1087 ‘nc
441 1050 655 1098 deficerent,
675 1063 750 1086 neu
773 1055 996 1099 paterentur
1015 1050 1144 1086 hostes
1163 1049 1356 1098 fugientes
1374 1050 1455 1088 vin·

170 1125 276 1149 cere:
307 1113 454 1162 ⁴neque
489 1113 567 1149 illis
596 1117 722 1149 castra
751 1125 844 1160 esse,
862 1125 984 1162 neque
1013 1112 1290 1152 munimentum
1318 1111 1452 1162 ullum,

169 1188 244 1225 quo
274 1175 454 1212 cedentes
486 1175 710 1212 tenderent:
753 1175 792 1211 in
825 1175 942 1212 armis
976 1175 1102 1211 omnia
1131 1174 1226 1211 sita.y
1296 1174 1372 1212 Sed
1403 1187 1452 1212 ne

171 1238 199 1275 J
203 1239 370 1287 ugurtha
389 1239 545 1289 quidem
576 1239 722 1275 interea
741 1239 895 1288 quietus
923 1244 1004 1275 erat
1021 1251 1028 1287 5
1059 1238 1274 1287 circumire,
1293 1237 1450 1288 hortari,

169 1315 350 1339 renovare
371 1301 557 1350 proelium,
577 1307 616 1338 et
636 1302 715 1350 ipse
736 1314 821 1337 cum
842 1301 1003 1337 delectis
1030 1305 1179 1336 tentare
1208 1300 1346 1350 omnia,
1365 1301 1450 1339 sub·

168 1364 298 1402 venire
318 1363 407 1412 suis,
427 1364 439 1381 ‘²
452 1363 626 1400 hostibus
643 1363 770 1399 dubiis
790 1363 945 1411 instare,
960 1375 1053 1412 quos
1068 1363 1195 1399 firmos
1210 1368 1450 1412 cognoverat,

169 1426 316 1463 eminus
336 1425 539 1474 pugnando
559 1426 734 1462 retinere.

247 1489 338 1526 LII.
372 1488 428 1525 Eo
462 1488 573 1525 modo
607 1488 707 1524 inter
741 1501 780 1525 se
814 1488 888 1524 duo
923 1487 1181 1536 imperatores,
1201 1487 1338 1524 summi
1363 1487 1447 1537 viri,

168 1551 380 1599 certabant,
412 1551 484 1600 ipsi
524 1563 647 1599 pares,
679 1555 850 1587 ceterum
883 1550 1019 1598 opibus
1052 1549 1276 1599 disparibus.
1346 1549 1447 1587 Nam

170 1613 356 1651 ¹Metello
386 1613 510 1650 virtus
543 1613 711 1649 militum
741 1617 833 1660 erat,
860 1612 964 1648 locus
995 1611 1199 1659 adversus5
1240 1611 1447 1660 Jugurthae

167 1677 244 1713 alia
263 1676 389 1713 omnia
418 1680 558 1724 praeter
591 1675 735 1711 milites
766 1679 985 1723 opportuna.
1043 1673 1217 1724 Denique
1245 1673 1447 1724 ⁹Romani,

166 1739 233 1775 ubi
264 1738 495 1786 intellegunt
525 1750 646 1787 neque
667 1738 740 1775 sibi
773 1737 988 1786 perfugium
1008 1748 1101 1776 esse=
1120 1749 1242 1786 neque
1262 1736 1310 1774 ab
1337 1736 1445 1774 hoste

165 1801 313 1850 copiam
344 1800 539 1848 pugnandi
566 1800 650 1836 fieri
672 1800 727 1847 (et
751 1801 830 1847 jam
864 1799 925 1835 die
956 1812 1081 1848 vespel
1120 1801 1231 1849 erat),
1260 1798 1445 1836 ‘adverso

165 1863 273 1910 colle,
311 1862 425 1899 sicuti
461 1867 692 1911 praeceptum
732 1862 870 1906 fuerat,
907 1862 1074 1899 evadunt
1158 1861 1313 1899 Amisso
1351 1862 1445 1911 loco,

167 1926 348 1964 Numidae
380 1925 456 1962 fusi
485 1925 707 1975 fugatique:
737 1926 847 1974 pauci
878 1925 1070 1974 interiere,
1095 1925 1289 1976 plerosque
1308 1925 1444 1963 veloci-

165 1994 224 2025 tas
244 1993 283 2025 et
309 1988 413 2036 regio
443 1989 454 2005 ⁴
470 1988 644 2025 hostibus
664 1988 796 2037 ignara
816 1993 943 2024 tutata
971 1993 1068 2025 sunt.
1126 1988 1281 2025 Interea
1300 1986 1443 2024 Bomil-

164 2063 238 2098 car,
268 2051 404 2100 *quem
437 2050 652 2099 elephantis
673 2055 711 2086 et
741 2050 844 2099 parti
876 2051 1070 2099 copiarum
1098 2049 1332 2099 pedestrium
1350 2063 1441 2099 pree-

165 2113 307 2148 fectum
347 2112 394 2148 ab
436 2111 631 2160 ‚Iugurtha
671 2125 785 2160 supra
823 2112 1003 2160 diximus,
1039 2111 1106 2148 ubi
1141 2123 1228 2148 eum
1266 2111 1441 2148 Rutilius

164 2181 456 2224 praetergressus
475 2180 542 2215 est,
563 2174 749 2223 paulatim
779 2187 867 2212 suos
888 2175 926 2211 in
945 2187 1095 2224 aequum
1116 2173 1240 2210 locum
1261 2173 1438 2211 deducit:

165 2249 218 2285 ac,
251 2237 341 2273 dum
384 2237 533 2286 legatus
571 2236 619 2272 ad
658 2237 810 2286 flumen,
849 2249 922 2286 quo
961 2235 1178 2284 praemissus
1216 2241 1309 2283 erat,
1336 2236 1440 2273 festi-

164 2311 267 2335 nans.
277 2299 413 2348 pergit,
432 2299 595 2348 quietus,
613 2299 671 2334 uti
691 2310 751 2335 res
770 2298 1000 2346 postulabat,
1020 2297 1138 2333 aciem
1168 2303 1347 2346 exorn‘at3
1377 2310 1439 2335 ne-

163 2373 236 2410 que
267 2362 443 2411 remittit,
462 2361 555 2412 quid
584 2360 724 2410 ubique
755 2360 876 2397 hostis
904 2365 1045 2408 ageret,
1065 2359 1272 2409 explorare.
1330 2360 1439 2398 Post-
