1630 2612
238 185 288 221 26
585 198 627 222 c.
677 199 857 224 cn1s1’1
902 201 1183 227 SALLUSTII

235 295 407 345 signatus
426 297 537 336 foret.
557 298 668 336 facile
688 311 728 336 se
747 312 795 337 ex
814 300 1014 338 voluntate
1035 301 1207 339 Antonio
1225 312 1418 345 usurumc
1442 302 1504 342 Ne

234 371 308 409 que
335 359 484 396 interea
513 361 666 410 quietus
687 367 780 409 erat,
800 363 867 399 sed
897 364 1074 400 omnibus
1093 364 1217 401 modis
1237 365 1396 404 insidias
1413 379 1516 416 paru.-

234 422 301 460 bat
323 422 511 469 Ciceroni,
566 424 702 474 Neque
732 426 743 442 ²
760 425 818 462 illi
851 430 981 462 tamen
1012 426 1060 463 ad
1079 427 1291 467 cavendum
1310 427 1422 474 dolus
1450 434 1517 466 aut

233 486 387 523 astutiae
407 487 573 524 deerant.
624 488 800 538 Namque
818 502 840 525 a
859 489 1044 538 principio
1065 490 1286 528 consulatus
1305 491 1376 540 sui,
1394 491 1515 529 mults

233 548 448 598 pollicendo
477 563 544 598 per
578 549 767 598 Fulviam,
801 551 1015 599 ²effecerat,
1048 556 1092 588 ut
1125 550 1169 596 Q.
1193 551 1345 600 Curius,
1365 553 1412 590 de
1440 566 1515 604 quo

232 611 344 660 paulo
365 617 453 648 ante
474 613 692 653 memoravi,
706 613 865 650 consilia
887 612 1066 651 Catilinae
1086 614 1159 651 sibi
1179 615 1366 663 proderet.
1423 615 1436 634 ⁴
1449 616 1512 654 Ad

183 691 187 699 =
231 674 302 711 hoc
322 675 507 723 collegam
529 688 638 712 suum
661 676 874 713 Antonium
908 677 1083 726 pactione
1113 677 1318 726 provinciae
1345 679 1502 728 perpule

232 741 303 785 rat,
323 749 370 773 ne
398 742 530 773 contra
560 750 640 774 rem
670 737 863 786 publicam
882 739 1062 775 sentiret:
1104 739 1247 775 circum
1268 751 1308 776 se
1334 740 1512 789 praesidia

231 800 437 837 amicorum
459 806 573 851 atque
595 802 606 818 ⁵
619 801 818 838 clientium
835 802 983 838 occulte
997 801 1172 839 habebat.
1206 803 1416 854 Postquam
1433 803 1515 841 dies

230 863 472 900 comitiorum
492 864 609 912 venit,
630 869 668 900 et
691 863 870 902 Catilinae
890 877 1013 914 neque
1034 866 1045 882 ⁶
1058 866 1194 914 petitio
1212 878 1335 916 neque
1354 866 1514 916 insidiae,

229 938 325 976 quas
358 926 506 963 consuli
538 926 579 963 in
608 939 740 975 campo
761 927 915 974 fecerat,
934 939 1112 976 prospere
1132 940 1290 976 cessere,
1309 928 1511 965 constituit

229 987 375 1026 bellum
406 989 542 1035 facere,
563 993 602 1025 et
635 993 808 1025 extrema
841 989 969 1025 omnia
1001 988 1182 1037 experiri,
1211 989 1391 1039 quoniam
1423 1001 1510 1039 quae

229 1050 377 1087 occulte
397 1055 626 1098 tentaverat,
646 1063 780 1099 aspera
799 1050 975 1100 foedaque
995 1056 1210 1087 evenerant.

306 1114 488 1151 XXVII.
530 1114 658 1163 Igitur
692 1113 732 1152 G.
770 1113 960 1151 Manlium
997 1114 1168 1152 Faesulas
1205 1119 1318 1165 atque
1354 1115 1394 1152 in
1429 1127 1510 1154 eam

227 1182 374 1226 partem
397 1177 575 1221 Etruriae,
593 1178 600 1194 ¹
617 1177 847 1226 Septimium
867 1177 1069 1227 quemdam
1088 1175 1304 1215 Camertem
1321 1177 1359 1214 in
1379 1190 1509 1227 agrum

229 1239 424 1286 Picenum,
446 1239 485 1277 O.
509 1239 538 1276 J
542 1239 662 1276 ulium
691 1240 731 1275 in
760 1239 956 1288 Apuliam*
973 1239 1143 1287 dimisit,
1179 1245 1364 1288 praeterea
1390 1239 1508 1277 alium

195 1318 202 1321 ·
227 1302 313 1349 alio,
332 1314 445 1351 quem
465 1302 606 1351 ubique
627 1306 880 1350 opportunum
901 1301 974 1339 sibi
995 1301 1075 1338 fore
1105 1301 1294 1339 credebat.
1352 1301 1508 1340 Interea

227 1364 362 1401 Romae
382 1364 504 1400 multa
524 1364 638 1400 simul
659 1364 806 1411 moliri;
838 1363 983 1400 consuli
1003 1363 1162 1400 insidias
1189 1363 1358 1412 tendere,
1375 1376 1508 1413 parare

227 1427 412 1475 incendia,
433 1421 646 1476 opportuna
665 1426 748 1463 loca
768 1427 927 1463 armatis
954 1426 1171 1463 hominibus
1199 1426 1384 1475 obsidere,
1403 1426 1416 1444 ²
1429 1427 1509 1476 ipse

226 1502 312 1526 cum
333 1490 411 1526 telo
431 1502 524 1538 esse,
544 1490 637 1526 item
658 1489 754 1526 alios
769 1489 916 1538 jubere,
935 1489 1093 1538 hortari,
1113 1489 1171 1526 uti
1193 1501 1342 1537 semper
1369 1489 1510 1527 intenti

225 1553 424 1602 paratique
455 1557 592 1601 essent,
620 1553 702 1589 dies
731 1557 937 1602 noctesque
967 1552 1161 1601 festinare,
1187 1551 1359 1601 vigilare,
1386 1564 1509 1602 neque

225 1616 425 1653 insomniis
443 1629 565 1666 neque
586 1615 716 1653 labore
734 1615 901 1665 fatigari.
959 1616 1160 1653 Postremo
1187 1615 1255 1653 ubi
1282 1615 1405 1653 multa
1433 1615 1508 1666 agi-

198 1700 199 1703 *
225 1679 325 1716 tanti
345 1680 357 1698 ³
370 1679 470 1716 nihil
489 1679 672 1728 procedit,
692 1691 824 1716 rursus
844 1678 1074 1727 intempesta
1095 1682 1206 1716 nocte
1234 1678 1509 1727 conjurationis

225 1741 413 1789 principes
439 1746 620 1777 convocat
639 1740 732 1790 ⁴per
762 1740 813 1777 M.
838 1740 1017 1777 Porcium
1048 1739 1210 1788 Laecam,
1229 1738 1359 1791 ibique
1386 1739 1509 1777 multa

225 1801 272 1839 de
292 1802 444 1851 ignavia
473 1814 602 1838 eorum
634 1807 803 1852 questus,
824 1802 935 1838 docet
964 1803 1029 1838 ‘se
1062 1801 1252 1843 Manlium
1280 1801 1507 1859 praemisissue

224 1864 273 1902 ad
299 1877 382 1901 eam
412 1864 713 1912 multitudinem,
733 1878 847 1914 quam
873 1864 921 1900 ad
952 1864 1135 1913 capiunda
1164 1877 1271 1902 arma
1296 1866 1507 1915 paraverat,

224 1928 318 1965 item
339 1928 351 1945 ⁵
367 1927 461 1965 alios
480 1928 519 1964 in
538 1928 614 1964 alia
634 1928 717 1964 loca
733 1932 956 1977 opportuna,
967 1928 1040 1978 qui
1050 1927 1204 1965 initium
1217 1926 1312 1965 belli
1326 1927 1506 1975 facerent,

224 2003 338 2041 seque
371 1990 420 2027 ad
452 1991 664 2027 exercitum
697 1990 885 2040 proficisci
915 2003 1063 2040 cupere,
1092 1991 1124 2027 si
1149 1989 1267 2040 prius*
1283 1987 1505 2028 Ciceronem

224 2053 472 2103 oppressisset
489 2067 495 2100 3
527 2066 613 2090 eum
634 2053 712 2090 suis
731 2053 902 2091 consiliis
920 2053 1086 2090 multum
1105 2053 1272 2090 officere!

214 2164 224 2177 ο
301 2117 508 2155 XXVIII.
541 2117 669 2166 Igitur
688 2117 904 2167 perterritis
923 2130 966 2154 ac
996 2116 1264 2154 dubitantibus
1291 2115 1440 2165 ceteris,
1461 2114 1501 2155 O.

225 2178 437 2228 Cornelius,
456 2192 571 2230 eques
590 2179 799 2228 Romanus,
819 2192 973 2228 operam
993 2191 1099 2216 suam
1126 2177 1332 2227 pollicitus,
1351 2182 1390 2214 et
1418 2189 1503 2215 oum

223 2254 267 2278 eo
287 2242 329 2278 L.
353 2242 616 2291 Vargunteius
636 2246 799 2291 senator,
818 2242 1050 2279 constituere
1069 2253 1113 2278 ea
1141 2245 1250 2277 nocte
1277 2239 1390 2289 paulo
1418 2245 1504 2290 post

222 2315 307 2340 cum
333 2305 491 2342 armatis
510 2305 739 2353 hominibus,
760 2304 898 2341 ¹sicuti
931 2305 1137 2342 salutatum
1158 2302 1316 2340 introire
1331 2302 1380 2340 ad
1401 2301 1505 2341 Cice·

221 2377 363 2414 renem,
391 2379 434 2403 ao
467 2367 513 2404 de
547 2367 750 2416 improviso
780 2367 880 2403 domi
917 2380 994 2404 suae
1027 2366 1256 2416 imparatum
1289 2364 1491 2411 confodere
