1572 2592
238 176 287 212 44
586 189 628 213 c.
677 187 856 214 cR1sr1
901 188 1182 215 SALLus'rn

235 288 514 338 Saepenumero,
533 294 662 339 patres
681 291 898 340 conscripti,
917 290 1041 327 multa
1067 290 1183 328 verba
1212 290 1252 328 in
1282 290 1353 328 hoc
1380 291 1514 330 ordine

233 352 317 399 feci,
337 363 436 400 saepe
457 352 503 388 de
524 352 676 389 luxuria
697 358 811 402 atque
832 353 993 389 avaritia
1012 358 1227 389 nostrorum
1248 353 1386 390 civium
1407 365 1513 404 ques-

230 419 294 450 tus
315 427 408 462 sum,
429 415 644 465 multosque
666 415 847 451 mortales
868 428 912 451 ea
932 427 1045 451 causa
1064 414 1243 452 adversos
1261 415 1391 453 habeo.
1437 414 1513 462 Qui

231 477 324 512 mihi
345 482 459 526 atque
479 478 605 514 animo
625 490 708 514 meo
724 478 868 514 nullius
887 490 1054 527 unquam
1071 477 1204 514 delicti
1222 477 1385 527 gratiam
1405 478 1513 515 fecis-

203 547 207 550 ’
229 552 319 587 sem,
341 539 442 575 haud
473 539 584 576 facile
614 540 773 576 alterius
803 540 956 576 libidini
990 539 1089 576 male
1115 539 1218 576 facta
1237 540 1507 578 condonabam.

229 603 306 642 Sed
337 616 382 639 ea
412 603 567 640 tametsi
594 616 661 640 vos
692 603 800 652 parvi
832 603 1070 652 pendebatis,
1102 608 1231 640 tamen
1263 616 1324 641 res
1355 603 1511 653 publica

227 666 335 702 firma
355 672 453 714 erat,
486 667 496 683 ⁷
513 666 709 715 opulentia
728 656 1003 716 negligentiam
1023 666 1221 704 tolerabat.
1266 666 1278 684 ⁸
1291 666 1404 704 Nunc
1418 679 1508 704 vero

225 742 299 766 non
335 729 372 765 id
408 729 547 778 agitur,
568 730 726 766 bonisne
757 743 804 766 an
832 730 946 766 malis
978 730 1147 767 moribus
1174 729 1357 778 vivamus,
1385 742 1508 780 neque

224 798 409 842 quantum
429 797 496 828 aut
528 805 641 842 quam
675 793 917 842 magnificum
949 793 1150 841 imperium
1180 792 1311 841 populi
1341 792 1508 830 Romani

224 855 295 903 sit,
327 855 393 891 sed
425 855 505 892 haec
526 857 786 906 cujuscunque
815 855 918 892 modi
946 855 1136 903 videntur,
1155 860 1296 905 nostra,
1316 868 1364 892 an
1383 855 1507 894 nobis-

222 930 307 954 cum
328 931 403 954 una
423 918 589 956 hostium
610 920 741 955 futura
760 918 846 954 sint.

299 983 318 1001 ‘⁶
331 983 343 999 ⁹
358 982 436 1019 Hic
455 983 550 1019 mihi
569 983 770 1032 quisquam
791 981 1123 1018 mansuetudinem
1143 986 1183 1018 et
1202 980 1503 1018 misericordiam

219 1045 400 1082 nominat.
459 1046 702 1095 Jampridem
737 1045 914 1095 equidem
946 1057 1014 1082 nos
1040 1057 1131 1082 vera
1160 1044 1346 1082 vocabula
1375 1057 1502 1082 rerum

219 1107 428 1156 amisimus,
461 1108 552 1158 quia
590 1108 690 1146 bona
723 1108 847 1144 aliena
888 1107 1023 1156 largiri
1059 1107 1285 1155 liberalitas,
1315 1107 1502 1144 malarum

217 1183 344 1207 rerum
365 1171 524 1208 audacia
543 1171 730 1208 fortitudo
750 1176 907 1208 vocatur
924 1184 930 1219 3
961 1183 1004 1207 eo
1025 1175 1084 1207 res
1103 1170 1256 1219 publica
1275 1171 1314 1207 in
1330 1175 1500 1208 extremo

217 1234 292 1285 sita
312 1239 379 1271 est.
440 1235 568 1272 ¹⁰Sint
599 1247 700 1282 sanc,
719 1234 898 1284 quoniam
929 1233 984 1269 ita
1013 1246 1054 1269 se
1082 1245 1206 1270 mores
1234 1233 1388 1282 habent,
1406 1233 1499 1271 libe-

217 1296 317 1332 rales
351 1309 397 1332 ex
431 1297 618 1333 sociorum
652 1295 829 1344 fortunis,
863 1295 940 1332 sint
974 1295 1240 1332 misericordes
1275 1295 1314 1332 in
1349 1295 1499 1333 furibus

213 1358 361 1396 aerarii:
391 1371 438 1395 ne
459 1359 518 1395 illi
538 1359 760 1407 sanguinem
780 1364 953 1395 nostrum
974 1357 1208 1406 largiantur;
1242 1363 1280 1394 et
1300 1358 1390 1395 dum
1410 1371 1498 1408 pau-

213 1422 268 1458 cis
297 1422 494 1459 sceleratis
527 1428 700 1471 parcunt,
721 1422 838 1459 bonos
858 1435 990 1458 omnes
1022 1422 1214 1471 perditum
1235 1426 1334 1458 eant.
1389 1421 1496 1458 Bene

212 1490 252 1520 et
272 1485 478 1534 composite
501 1484 540 1522 O.
565 1484 693 1522 Caesar
712 1485 825 1533 paulo
845 1490 934 1520 ante
964 1484 1003 1520 in
1032 1484 1102 1520 hoc
1122 1483 1255 1520 ordine
1287 1484 1333 1520 de
1354 1483 1436 1521 vita
1456 1488 1496 1520 et

211 1553 333 1584 morte
355 1547 558 1595 disseruit,
590 1549 614 1564 ¹¹
631 1547 755 1594 credo,
767 1547 864 1584 falsa
885 1547 1108 1583 existimans
1129 1559 1183 1594 ea,
1197 1559 1282 1596 quae
1295 1546 1341 1583 de
1362 1546 1494 1583 inferis

210 1598 496 1659 memorantur,
541 1611 715 1647 ‘diverso
746 1610 883 1646 itinere
918 1610 1038 1646 malos
1072 1623 1093 1646 a
1125 1609 1234 1647 bonis
1267 1609 1350 1646 loca
1382 1613 1493 1658 tetra,

210 1674 365 1722 inculta,
395 1674 495 1710 foeda
529 1678 642 1723 atque
675 1673 923 1709 formidolosa
955 1672 1117 1710 habere.'
1174 1671 1312 1721 Itaque
1345 1671 1494 1709 censuit

208 1737 406 1786 ‘pecunias
426 1750 555 1773 eorum
577 1736 839 1785 publicandas,
860 1736 961 1784 ipsos
991 1748 1058 1784 per
1086 1734 1293 1784 municipia
1311 1734 1351 1771 in
1370 1739 1492 1772 custo-

208 1799 283 1835 diis
312 1799 541 1846 habend0s3'
562 1798 744 1835 videlicet
777 1798 928 1846 timens,
947 1810 1006 1846 ne,
1038 1797 1070 1834 si
1099 1797 1236 1835 Romae
1266 1797 1354 1846 sint,
1374 1802 1442 1834 aut
1468 1810 1491 1834 a

207 1862 234 1879 ¹²
246 1861 495 1911 popularibus
515 1861 800 1910 conjurationis,
820 1866 886 1897 aut
906 1873 927 1896 a
947 1860 1196 1896 multitudine
1217 1860 1404 1897 conducta
1421 1872 1490 1908 per

205 1925 281 1962 vim
312 1924 533 1974 eripiantur.
603 1923 722 1968 Quasi
753 1936 842 1961 vero
873 1923 966 1960 mali
996 1928 1110 1973 atque
1141 1922 1294 1960 scelesti
1322 1927 1488 1959 tantum-

204 1987 316 2024 modo
346 1987 383 2023 in
414 1987 520 2034 urbe,
541 1991 580 2023 et
612 1999 686 2023 non
717 1999 783 2035 per
814 1991 934 2023 totam
957 1985 1113 2023 Italiam
1134 1985 1222 2034 sint,
1241 1989 1310 2022 aut
1337 1997 1412 2022 non
1431 1985 1487 2023 ibi

203 2049 290 2099 plus
307 2049 428 2099 possit
449 2049 617 2097 audacia,
637 2049 703 2086 ubi
723 2049 771 2085 ad
792 2049 1072 2086 defendendum
1093 2060 1182 2097 opes
1200 2047 1364 2084 minores
1384 2053 1482 2085 sunt.

204 2113 330 2158 Quare
359 2125 499 2150 vanum
521 2112 697 2161 equidem
727 2112 797 2149 hoc
817 2112 1017 2149 consilium
1048 2116 1117 2159 est,
1136 2110 1169 2148 si
1196 2110 1408 2159 periculum
1436 2123 1484 2148 ex

202 2176 281 2213 illis
302 2175 461 2223 metuit,
493 2174 551 2211 sin
586 2175 623 2210 in
655 2179 762 2211 tanto
784 2175 951 2211 omnium
971 2179 1076 2211 metu
1106 2174 1131 2191 ¹⁸
1145 2173 1247 2211 solus
1265 2185 1340 2210 non
1359 2172 1483 2222 timet,

201 2253 245 2276 eo
266 2239 388 2288 mtg's
407 2238 533 2275 refert.
547 2250 606 2274 me
627 2237 720 2273 mihi
741 2243 855 2287 atque
875 2237 983 2274 vobis
1003 2237 1146 2274 timere.

279 2301 434 2346 “Quare
465 2313 581 2351 quum
613 2300 658 2336 de
691 2300 732 2336 P.
759 2300 922 2337 Lentulo
953 2299 1162 2349 ceterisque
1193 2298 1384 2348 statuetis,
1412 2311 1480 2349 pro

200 2370 303 2403 certo
333 2365 524 2415 habetote,
542 2377 608 2403 vos
637 2364 751 2402 simul
771 2364 818 2401 de
849 2364 1021 2401 exercitu
1041 2362 1220 2402 Catilinae
1239 2367 1279 2401 et
1297 2363 1344 2400 de
1363 2362 1478 2401 omni·
