1586 2586
667 169 950 195 CArrniNA.
1426 162 1470 197 13

149 275 236 300 rum
256 274 459 312 memores,
479 275 566 314 quae
601 261 676 301 sibi
705 262 871 314 quisque
900 261 1034 299 facilia
1062 261 1171 299 factu
1203 267 1329 313 putat,
1358 277 1470 316 aequo

149 326 278 365 animo
299 326 463 378 accipit3
495 327 507 344 ⁴
522 340 638 376 supra
659 340 715 377 ea,
734 326 859 365 veluti
878 327 968 364 ficta
989 340 1057 377 pro
1079 326 1189 364 falsis
1211 326 1329 364 ducit.

227 390 305 430 Sed
327 405 397 442 ego
418 391 732 429 adolescentulus
749 391 874 441 initio,
891 391 1008 429 sicuti
1027 390 1216 442 plerique,
1239 392 1251 409 ⁵
1266 391 1398 429 studio
1418 392 1468 431 ad

147 468 229 495 rem
249 455 444 506 publicam
474 456 578 494 latus
611 469 708 507 sum,
729 456 860 507 ibique
892 455 987 493 mihi
1020 455 1144 493 multa
1165 456 1327 494 adversa
1347 456 1465 495 fuere.

149 520 250 558 Nam
290 533 359 571 pro
396 521 556 571 pudore,
585 534 655 571 pro
698 521 949 570 abstinentia,
980 533 1048 571 pro
1087 520 1247 570 virtute,
1286 521 1465 571 audacia,

147 585 317 636 largitio,
354 586 519 624 avaritia
557 586 750 637 vigebant.
821 586 918 632 Quae
951 587 1109 624 tametsi
1145 587 1298 624 animus
1339 600 1465 637 asper-

145 652 324 705 nabatur,
367 652 563 690 ‘insolens
610 652 800 690 malarum
836 652 994 702 artium,
1037 657 1169 690 tamen
1209 652 1313 690 inter
1353 656 1464 690 tanta

145 717 242 754 vitia
280 717 478 755 imbecilla
515 722 610 755 aetas
649 717 862 754 ambitione
897 722 1078 766 corrupta
1109 717 1343 766 tenebatur3
1393 718 1464 754 ⁷ac

146 794 219 832 me,
238 795 357 832 quum
385 781 434 819 ab
462 781 700 833 reliquorum
724 780 839 818 malis
859 781 1033 818 moribus
1054 781 1318 830 dissentirem,
1337 781 1462 819 nihilo

144 843 273 884 minus
311 845 467 884 honoris
505 845 657 896 cupido,
695 845 843 896 eadem,
881 859 958 897 qua
997 850 1158 896 ceteros,
1197 845 1303 883 fama
1341 850 1460 897 atque

144 909 292 948 invidia
319 910 497 949 vexabat.

225 973 300 1012 IV.
334 973 463 1024 Igitur
483 973 552 1012 ubi
572 973 725 1011 animus
746 986 794 1011 ex
814 972 951 1011 multis
981 973 1150 1028 miseriis
1171 978 1289 1024 atque
1309 973 1458 1024 pericu-

144 1037 194 1075 lis
214 1037 417 1088 requievit,
437 1043 476 1076 et
498 1038 619 1075 ¹mih‘1
647 1037 840 1089 reliquam
861 1043 1020 1076 eet-atem
1042 1051 1064 1075 a
1084 1051 1125 1075 re
1146 1038 1304 1088 publica
1322 1038 1460 1089 procul

144 1101 361 1140 habendam
409 1102 575 1151 decrevi,
613 1115 690 1139 non
731 1102 809 1139 fuit
855 1102 1060 1140 consilium
1109 1102 1285 1139 socordia
1341 1108 1459 1154 atque

143 1165 296 1204 desidia
334 1166 478 1204 bonum
509 1166 633 1204 otium
674 1171 896 1215 conterere3
945 1179 1072 1217 neque
1109 1179 1200 1204 vero
1230 1180 1367 1217 agrum
1398 1179 1456 1205 co-

141 1229 258 1269 lendo
295 1236 364 1269 aut
400 1231 589 1281 venando,
617 1231 852 1269 ²servilibus
891 1231 1036 1282 officiis,
1065 1231 1261 1270 intentum
1299 1237 1458 1271 aetatem

141 1307 278 1344 agere3
313 1294 406 1333 ⁸sed
427 1308 449 1332 a
468 1308 544 1346 quo
566 1295 720 1345 incepto
751 1295 959 1346 studioque
979 1308 1040 1332 me
1071 1295 1234 1334 ambitio
1264 1296 1367 1334 mala
1396 1295 1458 1334 de-

140 1360 324 1410 tinuerat,
340 1359 475 1398 eodem
496 1373 708 1410 regressus,
729 1360 851 1398 statui
872 1373 934 1398 res
962 1365 1094 1410 gestas
1122 1360 1256 1411 populi
1286 1360 1454 1399 Romani

139 1424 316 1475 carptim,
343 1429 388 1462 ut
421 1437 586 1476 quaeque
620 1425 808 1462 memoria
843 1424 961 1474 digna
994 1424 1242 1474 videbantur,
1268 1425 1442 1475 perscrib

138 1501 227 1538 ere3
273 1501 317 1526 eo
346 1489 482 1539 magis,
511 1488 615 1540 quod
643 1488 742 1526 mihi
771 1502 793 1526 a
822 1501 899 1539 spe,
920 1493 1040 1538 metu,
1069 1489 1248 1539 partibus
1276 1489 1333 1526 rei
1362 1489 1442 1540 pub

137 1552 224 1591 licae
243 1553 396 1590 animus
424 1553 525 1591 liber
554 1558 647 1604 erat.
708 1552 839 1603 Igitur
860 1552 871 1570 ⁴
887 1553 934 1590 de
958 1551 1143 1591 Catilinae
1172 1553 1455 1603 conjuratione,

136 1630 254 1668 quam
286 1617 487 1656 verissime
518 1623 666 1668 potero,
695 1617 829 1668 paucis
864 1617 1075 1655 absolvam.
1145 1617 1248 1654 Nam
1290 1617 1330 1654 id
1364 1617 1455 1654 faci-

136 1694 209 1722 nus
247 1681 288 1719 in
324 1681 461 1732 primis
499 1694 569 1732 ego
607 1681 859 1719 memorabile
898 1681 1082 1718 existimo
1129 1680 1288 1719 sceleris
1335 1686 1453 1732 atque

135 1745 302 1796 periculi
322 1745 509 1783 novitate.
568 1745 626 1783 De
649 1745 661 1762 ⁵
674 1746 786 1795 cujus
806 1744 975 1782 hominis
996 1745 1170 1782 moribus
1189 1757 1313 1795 pauca
1342 1745 1451 1796 prius

135 1809 382 1860 explananda
399 1813 502 1859 sunt,
520 1822 637 1862 quam
658 1809 815 1846 initium
835 1807 1020 1846 narrandi
1040 1808 1192 1846 faciam.

215 1873 265 1912 V.
290 1875 299 1892 ¹
317 1874 462 1912 Lucius
484 1873 666 1924 Catilina,
678 1873 802 1912 nobili
822 1887 963 1924 genere
984 1878 1111 1923 natus,
1130 1873 1208 1911 fuit
1227 1887 1368 1925 magna
1389 1875 1400 1892 ²
1414 1874 1454 1913 vi

134 1943 175 1976 et
208 1938 329 1976 animi
363 1941 403 1976 et
435 1939 618 1989 corporis,
652 1939 719 1976 sed
751 1938 907 1989 ingenio
938 1937 1041 1976 malo
1070 1951 1277 1990 pravoque.
1343 1939 1452 1977 Huic

132 2002 182 2042 ab
220 2002 484 2040 adolescentia
520 2002 625 2041 bella
663 2003 862 2053 intestina,
891 2003 1028 2054 caedes,
1060 2003 1218 2054 rapinae,
1257 2003 1453 2041 discordia

133 2065 261 2104 civilis
302 2071 416 2116 grata
462 2066 583 2116 fuere,
629 2066 762 2132 ibi'que
806 2067 1056 2116 juventutem
1103 2080 1214 2104 suam
1261 2066 1448 2104 exercuit.

135 2128 284 2180 Corpus
315 2130 494 2180 ³patiens
525 2130 677 2181 inediae,
705 2130 864 2182 vigiliae,
893 2130 1050 2181 algoris,
1071 2143 1189 2180 supra
1219 2143 1337 2181 quam
1372 2130 1451 2167 cui-

133 2207 247 2245 quam
295 2187 483 2232 credibile
531 2199 598 2232 est.
676 2194 846 2232 Animus
892 2195 1032 2244 audax,
1071 2193 1271 2244 subdolus,
1307 2194 1450 2244 varius,

132 2257 268 2308 ‘cujus
288 2258 344 2296 rei
364 2258 462 2296 libet
491 2258 697 2296 simulator
725 2271 769 2311 ac
798 2258 1079 2307 dissimulator,
1100 2257 1218 2295 alieni
1247 2250 1448 2308 appetens,

132 2321 193 2360 sui
229 2322 420 2373 profusus,
449 2322 590 2360 ardens
628 2322 668 2359 in
707 2323 1016 2374 cupiditatibus;
1068 2322 1164 2359 satis
1203 2320 1448 2372 eloquentiae,

133 2385 333 2436 sapientiae
359 2399 506 2438 parum.
583 2387 595 2404 ⁶
610 2385 759 2425 Vastus
792 2387 946 2425 animus
985 2385 1254 2424 immoderata.
1282 2385 1448 2424 incredi-
