1566 2586
212 180 284 218 118
557 191 600 216 c.
650 191 828 216 crusrr
873 191 1153 218 sAnnusrrx

359 237 381 256 ·
1013 240 1015 242 .

206 297 246 330 et
264 292 401 342 oppida
419 297 558 330 natura
577 297 616 329 et
633 292 727 330 viris
746 305 878 342 parum
898 292 1047 331 munita
1072 293 1294 342 aggreditur
1310 307 1317 343 3
1346 294 1483 345 proelia

205 355 338 403 multa,
358 360 527 392 ceterum
554 355 664 404 levia,
684 355 760 391 alia
779 355 865 391 aliis
893 355 986 391 locis
1014 355 1147 392 facere.
1204 355 1367 394 Interim
1394 358 1483 396 novi

205 418 348 454 milites
369 418 448 454 sine
469 423 573 454 metu
593 418 604 434 ²
618 430 754 466 pugnae
774 417 916 465 adesse,
935 417 1064 454 videre
1085 418 1276 467 fugientes
1304 420 1389 469 capi
1413 425 1482 457 aut

204 480 337 527 occidi,
355 480 606 517 fortissimum
625 492 812 530 quemque
842 479 1088 528 tutissimum,
1107 481 1223 518 armis
1251 481 1482 532 libertatem,

148 547 155 554 “
203 543 366 592 patriam
379 548 629 592 parentesque
644 547 682 578 et
695 542 770 578 alia
782 542 908 579 omnia
920 542 1011 591 tegi,
1023 543 1183 591 gloriam
1199 548 1313 594 atque
1326 544 1482 582 divitias

203 605 330 655 quaeri.
389 605 452 643 Sic
473 605 578 642 brevi
599 605 720 654 spatio
740 605 826 642 novi
845 610 1068 655 veteresque
1088 602 1271 651 coaluere,
1291 611 1330 643 et
1359 607 1481 644 virtus

203 669 370 704 omnium
382 668 546 717 -aequalis
562 668 672 704 facta.
714 668 725 685 ³
740 668 796 704 At
811 681 929 716 reges,
945 667 1011 705 ubi
1027 667 1073 705 de
1086 668 1254 706 adventu
1267 669 1384 706 Marii
1399 682 1481 719 cog-

202 738 398 780 noverunt,
412 733 552 769 diversi
565 733 603 768 in
617 732 718 768 locos
732 732 902 768 difficiles
916 731 1067 768 abeunt.
1109 733 1173 771 Ita
1185 732 1215 770 J
1219 732 1394 782 ugurthae
1404 733 1482 782 pla·

202 801 342 842 cuerat,
362 796 531 845 speranti
551 808 639 843 ino-x
659 796 796 831 effusos
816 795 944 832 hostes
964 795 1092 832 invadi
1110 803 1230 844 posse,
1250 796 1262 813 ⁴
1275 796 1476 846 Romanos,

201 858 313 895 sicuti
334 858 545 907 plerosque,
565 863 710 894 remoto
731 862 846 905 metu,
867 857 991 894 laxius
1011 858 1263 908 licentiusque
1282 858 1440 896 futuros.

279 920 561 958 LXXXVIII.
595 920 779 956 Metellus
799 920 946 956 interea
967 920 1129 957 Romam
1149 922 1351 970 profectus,
1372 922 1381 938 ¹
1395 933 1480 959 con-

200 989 260 1021 tra
293 997 396 1033 spem
430 997 536 1021 suam
574 983 783 1021 laetissimis
821 983 957 1020 animis
995 983 1194 1032 excipitur,
1225 984 1329 1033 plebi
1364 984 1479 1033 patri-

202 1048 356 1095 busque,
388 1051 590 1095 postquam
628 1045 773 1083 invidia
810 1045 1033 1093 decesserat,
1063 1047 1175 1094 juxta
1212 1058 1331 1083 carus.
1401 1045 1478 1084 Sed

199 1110 211 1126 ²
227 1109 374 1145 Marius
394 1109 554 1158 impigre
573 1109 854 1158 prudenterque
875 1121 1027 1144 suorum
1049 1113 1087 1145 et
1116 1108 1283 1145 hostium
1303 1121 1362 1146 res
1381 1109 1478 1158 pari-

199 1176 258 1208 ter
295 1171 502 1218 attendere,
535 1183 758 1220 cognoscere
791 1170 884 1221 quid
917 1170 1006 1207 boni
1040 1170 1211 1220 utrisque
1244 1175 1312 1206 aut
1345 1175 1477 1208 contra

198 1239 310 1279 esset,
330 1233 527 1290 explorare
559 1233 696 1270 itinera-
726 1246 870 1282 regum,
901 1232 1060 1270 consilia
1089 1238 1128 1269 et
1159 1232 1316 1270 insidias
1345 1245 1474 1270 eorum

198 1296 427 1343 antevenire,
446 1296 543 1332 nihil
564 1296 663 1344 apud
684 1309 722 1332 se
743 1296 942 1332 remissum
963 1308 1084 1344 neque
1105 1295 1204 1344 apud
1232 1294 1319 1332 illos
1348 1300 1474 1332 tutum

196 1359 284 1408 pati.
344 1358 480 1408 Itaque
510 1363 548 1394 et
579 1357 750 1396 Gaetulos
781 1364 820 1394 et
853 1358 1100 1407 «Iugurtham,
1121 1371 1167 1395 ex
1197 1358 1308 1395 sociis
1334 1358 1474 1395 nostris

197 1423 208 1440 ⁸
222 1422 369 1471 praedas
406 1427 573 1471 agentes,
607 1435 704 1471 saepe
741 1435 941 1472 aggressus
978 1422 1016 1458 in
1054 1422 1191 1458 itinere
1224 1422 1387 1470 fuderat,
1422 1422 1474 1471 ip-

196 1498 355 1535 sumque
376 1498 503 1534 regem
523 1485 624 1522 haud
645 1485 775 1534 procul
795 1486 843 1522 ab
864 1485 1000 1534 oppido
1022 1484 1131 1523 Cirta
1159 1485 1274 1521 armis
1303 1490 1469 1522 exuerat.

195 1549 207 1566 ⁴
222 1547 316 1592 Quae
336 1554 535 1598 postquam
555 1548 719 1596 gloriosa
739 1548 861 1594 modo,
881 1560 1002 1597 neque
1023 1547 1115 1584 belli
1135 1547 1312 1596 patrandi
1340 1560 1473 1597 cogno-

194 1611 261 1657 vit,
282 1612 419 1648 statuit
438 1611 562 1658 urbes,
582 1623 666 1660 quae
686 1611 778 1647 viris
798 1615 864 1646 aut
883 1610 965 1646 loco
984 1623 1052 1659 pro
1078 1609 1252 1646 hostibus
1278 1614 1318 1646 et
1345 1609 1473 1647 adver-

195 1687 278 1711 sum
309 1687 348 1710 se
379 1674 710 1722 opportunissimae
739 1678 858 1720 erant,
889 1673 1058 1722 singulas
1088 1671 1382 1709 circumvenire:
1416 1671 1472 1708 ita

195 1736 224 1773 J
228 1736 430 1785 ugurtham
469 1741 535 1772 aut
570 1735 759 1785 praesidiis
795 1736 993 1783 nudatum,
1026 1735 1058 1771 si
1091 1747 1136 1771 ea
1168 1739 1374 1784 pateretur,
1406 1739 1472 1772 aut

193 1800 325 1849 proelio
356 1794 599 1840 certaturum.
659 1799 758 1835 Nam
790 1799 965 1835 Bocchus
995 1798 1150 1836 nuntios
1180 1798 1228 1835 ad
1258 1811 1344 1835 eum
1373 1810 1471 1847 saepe

193 1863 363 1909 miserat,
382 1862 502 1899 ‘velle
522 1862 651 1911 populi
681 1862 846 1898 Romani
874 1861 1104 1909 amicitiam3
1137 1862 1208 1898 ⁶ne
1235 1861 1327 1911 quid
1355 1861 1403 1899 ab
1431 1874 1470 1899 se

192 1925 330 1963 hostile
346 1925 523 1961 timeret.'
538 1956 542 1961 .
580 1925 627 1962 Id
649 1925 948 1973 simulaveritne,
964 1925 976 1942 ⁶
989 1937 1062 1974 quo
1079 1924 1305 1974 improvisus
1318 1924 1469 1973 gravior

192 1988 392 2036 accideret,
413 2001 458 2024 an
479 1987 695 2024 mobilitate
715 1987 859 2037 ingenii
879 2000 1010 2037 pacem
1031 1992 1145 2038 atque
1161 1986 1305 2025 bellum
1320 1991 1468 2023 mutare

192 2051 338 2088 solitus.
357 2064 490 2100 parum
513 2050 751 2099 exploratum
773 2054 840 2086 est.

271 2105 502 2151 LXXXIX.
536 2113 610 2150 Sed
631 2113 773 2162 consul,
792 2113 850 2150 uti
869 2116 1068 2161 statuerat,
1081 2110 1219 2161 oppida
1236 2110 1468 2161 castellaque

190 2178 339 2215 munita
359 2177 464 2214 adire
482 2190 488 2225 3
513 2178 522 2194 ¹
536 2177 676 2226 partim
696 2178 745 2224 vi,
761 2177 837 2214 alia
855 2181 961 2214 metu
980 2180 1046 2213 aut
1060 2174 1218 2224 praemia
1230 2174 1467 2222 ostentando,

191 2244 362 2277 avertere
383 2239 430 2276 ab
449 2238 631 2275 hostibus.
690 2239 749 2275 Ac
767 2239 888 2288 primo
908 2239 920 2256 ²
934 2236 1137 2274 mediocria
1156 2235 1322 2284 gerebat,
1339 2235 1467 2272 existi-

190 2315 298 2339 mans
336 2302 365 2340 J
369 2301 572 2351 ugurtham
607 2301 655 2338 ob
686 2314 773 2338 suos
807 2300 987 2338 tutandos
1018 2299 1056 2336 in
1087 2311 1220 2335 manus
1251 2302 1462 2335 venturum.

191 2365 266 2404 Sed
287 2366 353 2403 ubi
373 2364 482 2402 illum
501 2363 632 2414 procul
659 2363 801 2412 abesse,
821 2369 859 2401 et
887 2363 973 2400 aliis
999 2362 1164 2412 negotiis
1193 2363 1381 2400 intentum
1409 2374 1458 2399 ac*
