1526 2566
597 211 877 239 οΑΤΙιΙΝΛ.
1346 202 1396 240 43

82 315 198 367 cirros,
212 316 261 354 de
276 316 546 355 condemnatis
563 329 758 354 summum
773 315 1007 367 supplicium
1025 315 1242 354 sumebant.
1284 316 1396 354 Post·

82 393 199 433 quam
218 389 280 418 res
299 380 458 431 publica
488 380 671 431 adolevit,
691 385 731 417 et
751 379 1008 418 multitudine
1029 379 1174 418 civium
1203 379 1395 417 factiones

83 445 251 492 valuere,
270 444 543 482 circumveniri
573 444 810 493 innocentes,
830 443 908 481 alia
930 443 1201 494 hujuscemodi
1220 443 1305 480 fieri
1326 456 1396 480 coe-

83 521 184 559 pere,
204 514 287 546 tum
309 508 373 546 lex
404 508 546 546 Porcia
565 509 729 559 aliaeque
760 508 867 558 leges
895 512 1043 558 paratae
1073 512 1176 557 sunt,
1209 507 1395 559 2⁷quibus

82 571 236 622 legibus
269 572 452 610 exsilium
487 573 682 611 damnatis
714 572 947 623 permissum
981 577 1050 610 est.
1123 571 1151 590 ²⁸
1167 571 1282 609 Hanc
1323 585 1394 621 ego

82 647 250 686 causam,
286 641 417 686 patres
455 636 677 686 conscripti,
714 649 791 687 quo
834 636 964 673 minus
1001 648 1145 674 novum
1185 635 1393 673 consilium

82 699 294 750 capiamus,
313 699 354 737 in
373 700 510 750 primis
540 713 719 750 magnam
740 705 845 750 puto.
904 699 1088 738 Profecto
1118 699 1245 738 virtus
1275 704 1393 750 atque

83 763 276 814 sapientia
308 765 431 814 major
461 764 502 801 in
537 763 616 802 illis
644 764 733 814 fuit,
752 764 820 815 qui
841 777 889 801 ex
920 764 1050 814 parvis
1070 764 1209 815 opibus
1238 768 1392 802 tantum

82 826 290 878 imperium
323 828 460 878 fecere,
494 841 610 879 quam
646 828 686 865 in
718 828 842 877 nobis,
876 828 943 878 qui
978 841 1024 865 ea
1058 828 1155 866 bene
1184 832 1298 878 parta
1325 827 1393 865 vix

83 891 304 930 retinemus.
364 891 506 930 Placet
534 892 656 942 igitur
686 905 750 929 eos
780 892 930 929 dimitti
951 897 990 930 et
1010 905 1154 942 augere
1175 891 1392 929 exercitum

85 954 292 994 Catilinae?
364 956 551 1006 Minime,
583 957 611 974 '¹⁹
628 956 695 994 sed
730 956 786 994 ita
821 969 978 994 censeo:
1020 956 1305 1007 ‘publicandas
1333 968 1393 994 eo-

82 1032 171 1058 rum
205 1020 400 1070 pecunias,
434 1020 538 1070 ipsos
567 1020 607 1057 in
632 1021 800 1058 vinculis
834 1020 1033 1058 habendos
1066 1033 1134 1070 per
1168 1019 1392 1070 municipia,

83 1095 171 1133 quae
198 1083 367 1120 maxime
401 1083 540 1133 opibus
572 1084 728 1133 valent,
769 1097 846 1122 neu
879 1084 967 1134 quis
1002 1084 1049 1121 de
1083 1084 1145 1121 his
1177 1088 1313 1133 postea
1327 1082 1393 1120 ad

83 1152 262 1184 senatum
291 1147 447 1196 referat,
474 1160 571 1184 neve
606 1160 693 1184 cum
723 1147 864 1197 populo
894 1153 1010 1197 agat:
1054 1147 1124 1198 qui
1153 1147 1269 1184 aliter
1296 1146 1393 1184 fece-

82 1210 146 1259 rit,
166 1216 344 1248 senatum
376 1211 605 1248 existimare
635 1225 724 1249 eum
745 1217 880 1249 contra
901 1225 984 1249 rem
1005 1211 1202 1262 publicam
1226 1216 1265 1248 et
1293 1210 1393 1249 salu-

82 1278 161 1311 tem
181 1274 354 1312 omnium
375 1275 595 1312 facturum.²
614 1277 632 1294 ⁷¹

161 1337 254 1376 LII.
288 1338 502 1390 Postquam
522 1338 652 1377 Caesar
674 1339 830 1376 dicendi
849 1340 964 1377 finem
985 1339 1090 1390 fecit,
1113 1329 1391 1379 ¹ceteriver130

81 1402 181 1440 alius
201 1403 270 1440 alii
289 1403 394 1441 varie
423 1403 757 1441 assentiebantur:
788 1409 828 1441 at
862 1404 874 1421 ²
890 1404 942 1441 M.
968 1403 1132 1442 Porcius
1155 1392 1265 1454 Cato,
1284 1418 1392 1455 roga-

82 1471 144 1504 tus
163 1467 409 1516 sententiam,
430 1467 700 1517 hujuscemodi
721 1467 935 1505 orationem
957 1468 1105 1506 habuit.

157 1532 176 1550 ‘⁶
193 1530 205 1547 ³
220 1530 355 1580 Longe
374 1530 469 1568 mihi
491 1531 569 1568 alia
589 1544 696 1568 mens
717 1536 787 1581 est,
802 1537 933 1580 patres
954 1532 1174 1581 conscripti,
1189 1546 1309 1583 quum
1329 1545 1391 1570 res

81 1598 196 1645 atque
215 1594 387 1644 pericula
406 1600 540 1632 nostra
561 1595 773 1642 considero,
794 1600 834 1632 et
853 1609 971 1645 quum
995 1596 1211 1633 sententias
1230 1595 1391 1633 nonnul-

80 1657 205 1695 lorum
226 1671 375 1695 mecum
411 1658 491 1708 ipse
511 1663 660 1707 reputo.
720 1658 789 1696 Illi
816 1658 914 1695 mihi
948 1658 1180 1696 disseruisse
1206 1659 1396 1697 videntur

80 1721 126 1759 de
147 1735 258 1771 poena
278 1734 422 1769 eorum,
443 1722 510 1772 qui
530 1722 679 1771 patriae,
699 1722 939 1771 parentibus,
960 1723 1037 1760 aris
1057 1728 1174 1774 atque
1195 1723 1290 1760 focis
1310 1723 1391 1761 suis

78 1785 226 1824 bellum
257 1798 463 1835 paravere:
493 1799 556 1823 res
591 1791 721 1823 autem
742 1792 875 1823 monet
906 1799 1042 1824 cavere
1077 1787 1125 1825 ab
1154 1787 1235 1837 illis
1264 1788 1390 1838 magis

77 1863 206 1902 quam,
226 1851 320 1901 quid
355 1851 394 1888 in
428 1850 509 1888 illis
541 1856 771 1901 statuamus,
805 1851 1036 1890 consultare.
1096 1852 1198 1890 Nam
1233 1853 1390 1891 ⁴cetera

77 1915 268 1952 maleficia
301 1921 383 1952 tum
418 1927 661 1966 persequare,
682 1915 750 1953 ubi
784 1916 889 1953 facta
921 1922 1032 1954 sunt:
1065 1916 1147 1966 hoc,
1167 1917 1244 1954 nisi
1264 1918 1390 1967 provi-

77 1978 192 2027 deris,
212 1992 259 2016 ne
280 1979 444 2028 accidat,
459 1979 527 2017 ubi
548 1980 688 2030 evenit,
704 1981 849 2018 frustra
865 1981 1015 2030 judicia
1037 1981 1245 2031 implores:
1276 1987 1389 2032 capta

79 2042 183 2092 urbe,
202 2043 301 2080 nihil
323 2044 366 2080 fit
387 2043 529 2094 reliqui
550 2044 673 2081 victis.
724 2044 813 2094 Sed,
833 2058 901 2095 per
921 2045 1014 2083 deos
1034 2045 1298 2084 immortales!
1321 2059 1388 2084 vos

77 2121 148 2159 ego
166 2109 331 2159 appello,
351 2110 418 2160 qui
439 2122 591 2159 semper
611 2109 756 2159 domos,
775 2110 902 2160 villas,
918 2111 1040 2160 signa,
1061 2111 1217 2149 tabulas
1237 2117 1388 2150 vestras

28 2184 35 2185 ’
78 2172 224 2222 'pluris
250 2186 367 2224 quam
400 2187 480 2210 rem
516 2173 712 2223 publicam
744 2174 904 2225 fecistis,
936 2175 968 2213 si
999 2178 1086 2225 ista,
1120 2178 1386 2226 cujuscunque

77 2237 181 2274 modi
202 2243 303 2285 sunt,
323 2251 409 2288 quae
439 2230 730 2288 amplexamini,
748 2239 928 2289 retinere,
949 2240 982 2277 si
1010 2240 1279 2290 voluptatibus
1306 2252 1386 2278 ves-

78 2300 151 2336 tris
169 2301 290 2338 otium
327 2302 500 2351 pras-bere
532 2302 664 2340 vultis,
686 2303 1004 2353 expergiscimini
1025 2304 1307 2361 aliquandofflt
1327 2316 1386 2342 ca-

79 2363 321 2413 pessite-rem
342 2365 547 2414 publicam.
607 2366 619 2382 ⁶
637 2365 727 2403 Non
747 2367 877 2416 agitur
898 2367 946 2405 de
967 2367 1239 2417 vectigalibus,
1259 2381 1384 2419 neque

79 2427 128 2466 de
146 2428 335 2468 sociorum
355 2430 534 2480 injuriis,
565 2431 729 2469 libertas
749 2437 789 2469 et
809 2432 939 2470 anima
958 2438 1093 2470 nostra
1112 2432 1152 2470 in
1173 2432 1292 2472 dubio
1311 2438 1381 2471 est.
