1630 2612
228 162 278 197 32
574 174 616 197 c.
666 173 846 199 ca1sP1
891 174 1173 200 sALLus‘ru

226 272 334 311 cultu
363 279 516 311 aetatem
547 280 715 324 agerent,
735 275 808 313 sibi
831 275 1004 327 quisque,
1025 275 1057 313 si
1094 276 1135 312 in
1165 275 1282 314 armis
1313 275 1427 327 foret,
1451 288 1504 315 nx

225 335 386 374 victoria
416 338 509 374 talia
539 339 725 387 sperabat.
785 339 980 376 Praeterea
1007 341 1202 388 juventus,
1221 351 1306 390 quae
1331 339 1372 376 in
1401 339 1504 389 agris

180 407 183 410 ’
225 399 429 435 'manuum
451 401 624 436 mercede
645 401 808 450 inopiam
831 401 1072 450 toleraverat,
1091 401 1251 450 privatis
1279 406 1394 452 atque
1412 400 1504 451 pub·

223 461 307 499 licis
342 463 611 511 largitionibus
644 463 781 510 exeita,
812 464 999 501 urbanum
1035 465 1155 501 otium
1198 465 1348 514 ingrato
1379 463 1503 502 labori

222 524 466 573 praetulerat:
498 538 562 562 eos
581 531 696 576 atque
717 526 814 563 alios
835 539 964 564 omnes
984 527 1125 564 malum
1145 527 1340 576 publicum
1361 526 1499 564 alebat.

224 585 308 631 Quo
327 588 453 624 minus
473 588 688 625 mirandum
721 594 780 626 est
810 589 983 626 homines
1005 595 1170 639 egentes,
1189 590 1302 627 malis
1322 590 1502 639 moribus,

221 651 387 687 maxima
408 663 483 700 spe,
518 654 530 668 ⁸
545 652 598 688 rei
619 653 783 701 publicae
799 654 913 702 juxta
933 666 975 690 ac
1003 653 1077 691 sibi
1098 654 1341 691 consuluisse.
1399 653 1502 691 Prae-

222 718 324 750 terea
367 715 555 764 nquorum
592 715 753 752 victoria
787 715 908 754 Sullae
939 721 1118 765 parentes
1155 716 1368 765 proscripti,
1401 716 1500 754 bona

220 782 359 825 erepta,
376 778 439 825 jus
459 777 651 815 libertatis
671 778 914 815 imminutum
934 785 1027 827 erat,
1048 779 1148 816 haud
1169 792 1257 816 sane
1278 779 1352 816 alio
1373 779 1500 816 animo

219 837 311 876 belli
333 845 509 876 eventum
531 841 814 889 exspectabant.
871 841 936 878 Ad
957 842 1026 879 hoc
1045 842 1276 892 quicumque
1299 843 1322 859 ¹⁰
1337 842 1498 878 aliarum

219 907 334 952 atque
369 909 527 940 senatus
562 905 730 953 partium
764 910 884 953 erant,
918 905 1138 943 conturbari
1174 918 1254 942 rem
1293 905 1499 954 publicam,

217 979 328 1015 quam
350 966 475 1003 minus
490 967 615 1003 valere
637 967 707 1016 ipsi
729 967 931 1004 malebant.
977 969 1001 985 ¹¹
1019 967 1068 1004 Id
1088 967 1182 1004 adeo
1197 967 1340 1004 malum
1355 966 1498 1004 multos

217 1034 301 1077 post
322 1041 438 1064 annos
459 1029 497 1064 in
518 1029 713 1066 civitatem
735 1034 956 1067 reverterat.

295 1091 544 1128 XXXVIII.
579 1091 680 1128 Nam
700 1097 913 1142 postquam,
933 1092 943 1110 ¹
960 1091 1025 1130 Gn.
1050 1092 1235 1141 Pompeio
1254 1096 1294 1128 et
1314 1091 1365 1130 M.
1390 1090 1498 1130 Gras-
1527 1104 1530 1106 ·

216 1167 255 1191 so
294 1154 526 1202 consulibus,
560 1154 768 1191 tribunicia
801 1159 970 1203 potestas
1003 1155 1186 1191 restituta
1222 1159 1292 1203 est,
1324 1153 1496 1191 homines

217 1217 488 1266 adolescentes,
520 1219 531 1235 ²
546 1230 732 1255 summam
752 1223 982 1266 potestatem
1011 1217 1127 1266 nacti,
1146 1218 1286 1267 quibus
1305 1222 1399 1254 aetas
1418 1217 1496 1254 ani-

214 1293 374 1330 musque
409 1280 518 1317 ferox
554 1286 647 1328 erat,
680 1293 826 1328 coepere
861 1286 1034 1317 senatum
1069 1280 1306 1317 criminando
1342 1279 1494 1329 plebem

214 1343 431 1393 exagitare3
463 1343 551 1380 dein
581 1343 779 1392 largiendo
807 1348 922 1393 atque
952 1342 1201 1391 pollicitando
1220 1342 1342 1392 magis
1371 1342 1495 1379 iucen-

190 1422 198 1425 ·’
214 1406 327 1454 ‹le1·e;
360 1407 414 1443 ita
448 1407 520 1456 ipsi
552 1406 646 1444 clari
676 1412 928 1456 potentesque
947 1405 1036 1446 fieri.
1097 1405 1239 1444 Contra
1262 1419 1325 1443 eos
1345 1418 1494 1444 summa

177 1464 182 1474 ⁷
213 1482 282 1518 ope
302 1469 499 1506 nitebatur
528 1469 708 1519 pleraque
738 1469 930 1516 nobilitas,
964 1469 1145 1505 ³senatus
1176 1468 1310 1517 specie,
1328 1481 1397 1519 pro
1424 1480 1493 1505 sua

213 1530 487 1579 magnitudine.
547 1530 734 1581 Namque,
754 1530 812 1567 uti
842 1531 853 1548 ⁴
870 1532 1000 1579 paucis
1030 1543 1161 1568 verum
1181 1529 1386 1578 absolvam,
1405 1534 1494 1578 post

213 1593 280 1630 illa
300 1599 470 1642 tempora
499 1594 729 1643 quicumque
756 1606 836 1630 rem
865 1593 1056 1642 publicam
1087 1593 1292 1642 agitavere,
1321 1591 1493 1628 honestis

211 1656 439 1703 nominibus,
465 1656 543 1704 alii,
578 1656 693 1693 sicuti
725 1656 855 1705 populi
885 1658 974 1704 jura
1006 1644 1265 1703 defeiiderent,
1299 1667 1398 1703 pars,
1415 1666 1493 1704 quo

212 1724 367 1755 senatus
386 1719 594 1756 auctoritas
615 1719 782 1755 maxima
802 1719 910 1767 foret,
930 1718 1070 1755 bonum
1097 1717 1292 1767 publicum
1313 1715 1492 1754 simulan-

211 1786 280 1830 tes,
299 1794 367 1830 pro
387 1794 454 1818 sua
473 1781 634 1830 quisque
653 1781 825 1830 potentia
845 1781 1066 1819 certabant:
1096 1793 1219 1830 neque
1247 1779 1327 1816 illis
1346 1779 1491 1817 modes-

211 1844 276 1889 tia,
310 1856 432 1893 neque
470 1844 605 1880 modus
642 1844 898 1880 contentionis
935 1849 1038 1892 erat,
1093 1844 1246 1894 utrique
1289 1842 1490 1880 victoriam

211 1906 418 1944 crudeliter
439 1906 676 1943 exercebant.

289 1969 487 2006 XXXIX.
520 1969 595 2008 Sed
615 1975 816 2020 postquam
838 1969 903 2008 On.
928 1970 1135 2020 Pompeius
1154 1970 1203 2008 ad
1223 2012 1231 2022 ι
1301 1981 1365 2007 nm
1390 1969 1491 2006 ¹ma·

210 2034 381 2070 titinium
416 2038 531 2082 atque
564 2033 873 2070 Mithridaticum
899 2034 1037 2070 missus
1071 2038 1139 2081 est,
1157 2032 1220 2082 ple
1304 2023 1388 2082 >'pes
1421 2031 1489 2068 im-

160 2123 163 2128 .
210 2096 380 2144 minutae,
398 2107 604 2144 paucorum
634 2096 807 2144 potentia
839 2097 967 2145 crevit.
1025 2096 1108 2133 2Ηί
1128 2094 1387 2145 magistratus,
1405 2107 1488 2144 pro-

208 2159 353 2196 vincias
386 2158 535 2209 aliaque
566 2160 692 2196 omnia
723 2165 872 2208 tenere,
905 2160 977 2209 ipsi
1010 2159 1166 2208 innoxii,
1191 2156 1386 2206 *fibi-entes,
1405 2157 1486 2195 sine

209 2228 314 2260 metu
334 2228 488 2260 aetatem
509 2235 631 2272 agere,
651 2228 798 2260 ceteros
822 2211 980 2272 judiciis
1007 2229 1162 2275 terrere,
1182 2235 1256 2272 quo
1275 2221 1427 2272 plebem
1446 2221 1487 2259 in

174 2299 179 2309 ¹
208 2285 439 2334 magistratu
468 2285 656 2335 placidius
676 2290 896 2323 tractarent.
954 2286 1030 2325 Sed
1050 2285 1117 2323 ubi
1135 2286 1300 2335 primum
1330 2285 1341 2303 ⁸
1358 2285 1488 2323 dubiis

208 2347 322 2387 rebus
358 2349 524 2386 novandi
567 2361 651 2399 spes
689 2348 819 2387 oblata
859 2354 927 2398 est,
959 2354 1070 2387 vetus
1110 2354 1302 2386 certamen
1341 2343 1487 2400 animoa
