1566 2586
625 191 933 219 sueva-rna.
1369 180 1441 218 109

123 299 248 342 socios
277 299 383 338 fore.’
456 298 558 337 Nam
594 297 798 349 Leptitani
828 299 910 348 jam
944 296 1035 335 inde
1069 310 1092 334 a
1121 295 1314 347 principio
1346 297 1440 336 belli

123 365 362 417 ‚Iugurthini
391 364 440 402 ad
463 364 642 402 Bestiam
677 364 876 402 consulem
911 368 952 401 et
982 368 1119 413 postea
1140 362 1309 401 Romam
1331 364 1443 401 mise-

121 435 222 481 rant,
254 429 469 468 amicitiam
517 428 822 480 societatemque
857 434 1062 478 rogatum:
1111 427 1266 477 deinde,
1299 427 1368 465 ubi
1397 441 1444 465 ea

122 494 345 545 impetrata,
379 507 530 543 semper
563 493 655 531 boni
697 491 909 543 fidelesque
949 505 1136 541 mansere,
1178 497 1218 529 et
1251 499 1391 529 cuncta
1420 506 1444 530 a

123 557 273 607 Bestia,
295 557 443 596 Albino
474 557 716 608 Metelloque
738 557 928 607 imperata
948 570 1045 594 nave
1065 557 1248 594 fecerant⁷
1300 556 1442 608 Itaque

121 622 171 662 ab
206 623 439 673 imperatore
474 622 601 672 facile,
621 635 708 673 quae
738 621 937 672 petebant,
958 621 1115 672 adepti;
1147 621 1300 659 emissae
1320 634 1364 659 eo
1385 634 1443 659 co—

121 688 255 727 hortes
276 688 466 738 Ligurum
489 692 668 738 quatuor,
688 692 728 725 et
750 685 790 726 C.
816 687 974 724 Annius
994 687 1212 737 praefeetus.

203 751 454 791 LXXVIII.
479 752 528 790 Id
542 751 728 802 oppidum
749 751 798 789 ab
816 751 989 790 Sidoniis
1005 751 1207 789 conditum
1228 756 1300 801 est,
1321 752 1330 769 ¹
1345 763 1443 802 quos

121 817 342 867 accepimus
380 816 565 867 profugos
596 816 645 854 ob
680 815 896 853 discordias
928 815 1076 864 civiles,
1109 815 1275 853 navibus
1306 815 1346 852 in
1377 828 1442 853 eos

121 879 228 919 locos
261 880 435 920 venisse:
467 885 642 918 ceterum
677 880 798 917 situm
832 879 936 917 inter
971 879 1068 917 duas
1104 879 1252 930 Syrtes,
1272 880 1441 931 ²quibus

118 959 262 984 nomen
281 959 330 984 ex
348 959 391 984 re
412 946 591 983 inditum.
652 945 756 983 Nam
777 945 853 982 duo
875 951 967 983 sunt
987 945 1095 983 sinus
1116 958 1234 996 prope
1256 945 1295 982 in
1316 951 1439 983 extre-

121 1024 186 1049 ma
223 1010 374 1060 Africa,
408 1011 578 1061 impares
615 1010 902 1060 magnitudine,
933 1010 1016 1060 pari
1056 1016 1218 1047 natura:
1251 1010 1441 1062 ³quorum

121 1075 300 1126 proxima
328 1080 444 1112 terrae
477 1074 641 1125 praealta
675 1080 789 1123 sunt;
835 1080 977 1122 cetera,
1011 1074 1071 1111 uti
1103 1075 1182 1111 fors
1213 1074 1318 1124 tulit,
1349 1075 1442 1123 alta,

122 1138 203 1176 alia
234 1138 274 1176 in
307 1143 554 1188 tempestate,
573 1138 729 1175 vadosa.
788 1137 892 1175 Nam
918 1137 987 1175 ubi
1014 1151 1121 1175 mare
1142 1151 1327 1188 magnum
1348 1151 1442 1188 esse,

122 1209 163 1242 et
183 1204 320 1242 saevire
353 1203 481 1242 ventis
515 1203 643 1254 coepit,
663 1203 801 1240 limum
823 1216 1058 1254 arenamque
1079 1209 1122 1240 et
1151 1216 1245 1240 saxa
1266 1203 1442 1254 ingentia

120 1268 263 1306 fluctus
295 1267 479 1306 trahunt:
511 1267 567 1305 ita
597 1267 717 1305 facies
750 1267 922 1305 locorum
943 1280 1031 1305 cum
1054 1268 1183 1306 ventis
1214 1268 1332 1305 simul
1361 1282 1442 1306 mu-

121 1339 239 1372 tatur.
298 1333 437 1384 Syrtes
457 1333 506 1371 ab
528 1339 657 1371 tractu
684 1334 904 1371 nominatae.
965 1333 1065 1383 Ejus
1086 1333 1260 1372 civitatis
1280 1335 1292 1351 ⁴
1307 1334 1442 1384 lingua

121 1398 238 1437 modo
277 1411 462 1437 conversa
495 1398 688 1436 connubio
726 1398 1013 1436 Numidarum:
1063 1398 1193 1448 legum
1234 1399 1442 1450 cultusque

120 1463 304 1514 pleraque
326 1462 524 1513 Sidonica,
544 1476 632 1514 quae
653 1476 697 1500 eo
728 1463 884 1500 facilius
916 1463 1152 1512 retinebant,
1173 1463 1277 1514 quod
1306 1464 1442 1514 procul

122 1526 171 1565 ab
191 1526 353 1576 imperio
382 1526 486 1576 regis
520 1531 678 1564 aetatem
711 1526 891 1576 agebant.
950 1526 1063 1564 Inter
1095 1527 1183 1564 illos
1205 1533 1244 1564 et
1264 1528 1442 1579 frequen-

121 1594 203 1628 tem
224 1589 455 1628 Numidiam
477 1589 594 1627 multi
613 1590 792 1640 vastique
813 1590 889 1627 loci
910 1596 1030 1627 erant.

203 1652 402 1690 LXXIX.
435 1653 444 1670 ¹
463 1653 541 1691 Sed
562 1653 745 1703 quoniam
768 1653 806 1689 in
827 1653 897 1690 has
917 1654 1096 1702 regiones
1126 1667 1194 1703 per
1216 1654 1442 1704 Leptitano-

123 1730 211 1754 rum
251 1716 411 1766 negotia
444 1716 635 1766 venimus,
677 1729 754 1753 non
802 1717 1005 1766 indignum
1043 1717 1202 1756 videtur
1240 1719 1440 1769 egregium

123 1785 242 1832 atque
276 1780 457 1818 mirabile
497 1781 648 1818 facinus
682 1781 846 1818 duorum
884 1780 1270 1832 Carthaginiensium
1300 1797 1442 1822 memo-

122 1857 232 1882 rare:
263 1856 347 1882 eam
379 1856 461 1881 rem
494 1857 564 1882 nos
585 1844 691 1882 locus
711 1844 926 1882 admonuit.
986 1844 1072 1891 Qua
1093 1850 1327 1897 tempestate
1351 1847 1442 1887 Car-

124 1907 389 1958 thaginienses
428 1907 624 1959 pleraeque
665 1909 841 1947 ²Africae
872 1909 1164 1960 imperitabant,
1197 1910 1441 1962 Cyrenenses

123 1985 276 2024 quoque
298 1972 430 2023 magni
451 1978 567 2023 atque
589 1973 763 2023 opulenti
782 1973 900 2011 fuere.
960 1974 1071 2024 Ager
1100 1974 1139 2012 in
1160 1976 1290 2014 medio
1310 1990 1441 2014 areno-

122 2049 200 2087 sus,
229 2036 242 2054 ⁸
257 2050 335 2074 una
365 2036 492 2087 specie
510 2050 516 2074 :
546 2049 671 2087 neque
691 2037 846 2088 fiumen,
865 2051 991 2089 neque
1012 2052 1120 2076 mons
1141 2045 1237 2090 erat,
1257 2041 1325 2092 qui
1345 2041 1440 2079 fines

123 2115 256 2140 eorum
277 2101 540 2151 discerneret3
562 2114 650 2153 quae
664 2115 726 2140 res
747 2104 812 2140 eo's
832 2103 872 2140 in
892 2117 1032 2154 magno
1053 2104 1316 2157 diuturnoque
1337 2106 1440 2144 bello

122 2166 225 2205 inter
245 2180 286 2205 se
305 2166 454 2205 habuit.
514 2166 730 2218 Postquam
751 2167 948 2219 utrimque
978 2168 1163 2219 legiones,
1183 2170 1278 2207 item
1297 2169 1441 2207 classes

123 2243 225 2282 saepe
244 2231 342 2269 fusae
372 2231 607 2282 fugataeque,
624 2235 665 2268 et
695 2230 812 2269 alteri
843 2231 988 2270 alteros
1014 2232 1258 2284 aliquantum
1281 2233 1441 2271 attrive-

122 2301 224 2342 rant,
242 2295 371 2345 veriti,
390 2308 438 2333 ne
459 2309 550 2333 mox
569 2295 694 2333 victos
715 2295 959 2348 victoresque
992 2297 1165 2335 defessos
1186 2297 1287 2334 alius
1308 2310 1441 2348 aggre-

125 2358 295 2409 deretur,
327 2359 422 2410 ⁴per
454 2359 632 2396 inducias
661 2359 907 2410 sponsionem
939 2361 1102 2410 faciunt,
1131 2361 1216 2398 ‘uti
1248 2366 1355 2399 certo
1375 2361 1439 2399 die

123 2422 245 2474 legati
279 2422 393 2462 domo
425 2424 785 2475 proficiscerentur:
826 2438 902 2477 quo
933 2426 973 2464 in
1008 2425 1092 2463 loco
1127 2425 1230 2463 inter
1263 2438 1304 2463 se
1333 2426 1439 2466 obvii
