1566 2586
121 181 193 220 102
338 178 355 190 *
467 195 509 219 c.
559 194 739 220 catsrx
786 194 1062 220 SALLUSTM

115 308 228 347 quem
259 295 422 345 Micipsa
450 300 680 333 testamento
710 297 943 334 ¹secundum
971 297 1150 335 heredem
1182 297 1397 348 scripserat,

114 359 256 396 morbis
284 359 491 406 confectus,
512 364 550 395 et
570 359 617 396 ob
652 372 734 396 eam
766 372 918 396 causam
949 365 1076 397 mente
1096 361 1251 410 paulum
1277 361 1399 399 immi-

113 427 217 458 nuta.
289 421 389 460 ²Cui
420 422 604 458 Metellus
642 423 800 471 petenti,
839 424 967 460 ‘more
997 436 1130 473 regum
1168 424 1227 461 uti
1263 424 1398 462 sellam

111 485 224 534 juxta
251 487 430 534 poneret,'
460 485 552 522 item
590 491 722 534 postea
751 486 952 523 ‘custodiae
980 499 1093 524 causa
1112 491 1276 524 turmam
1296 487 1398 538 equi-

115 552 197 584 tum
234 548 517 597 Romanorum,²
559 554 765 599 utrumque
802 554 1028 599 negaverat,
1069 550 1260 600 honorem,
1295 551 1398 601 quod

115 623 245 648 eorum
279 611 392 648 modo
425 611 535 660 foret,
555 625 650 662 quos
684 611 846 661 populus
877 612 1075 650 Romanus
1095 626 1204 663 reges
1235 613 1398 662 appella-

113 674 252 722 visset3
296 661 529 724 praesidium,
562 675 664 725 quod
698 675 1015 713 contumeliosum
1054 676 1093 713 in
1130 689 1194 714 eos
1226 675 1336 724 foret,
1366 675 1398 713 si

115 735 264 785 equites
302 736 468 773 Romani
506 737 695 774 satellites
734 737 916 774 Numidae
953 738 1207 775 traderentur.
1282 738 1398 775 Hune

116 799 267 837 Marius
296 800 307 817 ³
321 800 478 836 anxium
511 800 734 849 aggreditur
758 805 873 850 atque
892 801 1080 850 hortatur,
1099 801 1158 838 uti
1178 799 1399 839 contumeli—

115 875 222 899 arum
257 862 499 912 imperatoris
527 875 612 899 cum
634 875 700 899 suo
720 863 864 900 auxilio
894 876 1022 912 poenas
1050 869 1175 913 petat:
1206 864 1397 901 hominem

114 925 162 963 ob
191 925 342 963 morbos
375 925 500 962 animo
533 939 666 975 parum
698 925 826 963 valido
847 926 1012 963 secunda
1031 927 1202 964 oratione
1221 926 1396 964 extollit:

114 988 248 1026 ‘illum
278 1001 418 1038 regem,
450 989 644 1037 ingentem
678 988 814 1038 virum,
835 988 1051 1026 Masinissae
1082 995 1259 1039 nepotem
1292 1002 1396 1039 esse;

115 1052 147 1089 si
167 1052 366 1101 Jugurtha
399 1057 532 1101 eaptus
566 1057 634 1088 aut
659 1052 807 1088 occisus
840 1052 950 1101 foret,
970 1052 1170 1102 imperium
1204 1052 1399 1091 Numidiae

116 1115 195 1152 sine
217 1127 321 1151 mora
340 1114 584 1162 habiturum,
616 1114 653 1150 id
675 1115 768 1151 adeo
789 1121 936 1152 mature
955 1128 1064 1164 posse
1085 1116 1247 1164 evenire,
1266 1116 1299 1154 si
1318 1115 1398 1166 ipse

115 1177 246 1214 consul
277 1177 325 1214 ad
355 1177 393 1213 id
425 1177 566 1214 bellum
598 1178 736 1214 missus
765 1178 886 1215 foret.'
942 1179 1105 1229 ‘Itaque
1137 1184 1175 1216 et
1207 1179 1329 1227 illum,
1359 1184 1399 1216 et

115 1241 264 1291 equites
295 1241 499 1289 Romanos,
518 1241 663 1277 milites
683 1245 722 1278 et
745 1242 1014 1290 negotiatores,
1034 1241 1129 1278 alios
1149 1242 1239 1291 ipse,
1258 1241 1395 1291 pleros-

114 1317 188 1355 que
222 1317 305 1353 spes
339 1304 442 1353 pacis
481 1304 658 1353 impellit,
691 1305 749 1341 uti
780 1305 942 1342 Romam
972 1305 1019 1342 ad
1049 1318 1135 1342 suos
1164 1306 1398 1343 necessarios

114 1380 245 1417 aspere
266 1367 530 1403 inMetellum
551 1367 598 1403 de
619 1367 719 1404 bello
740 1367 919 1414 scribant,
941 1367 1107 1404 Marium
1130 1368 1396 1419 imperatorem

114 1435 280 1480 poscant.
339 1430 402 1468 Sic
424 1431 435 1447 ⁵
449 1430 507 1466 illi
530 1444 551 1466 a
572 1431 704 1467 multis
725 1431 951 1468 mortalibus
979 1431 1247 1469 honestissima
1267 1433 1398 1470 suffra—

114 1494 267 1543 gatione
288 1493 507 1530 consulatus
535 1494 760 1543 petebatur:
791 1494 906 1531 simul
925 1507 969 1531 ea
1001 1500 1226 1544 tempestate
1254 1495 1397 1545 plebes,

114 1557 317 1595 nobilitate
338 1557 422 1594 fusa
442 1571 508 1606 per
527 1557 649 1606 legem
674 1558 899 1606 Mamiliam,
919 1571 1034 1595 novos
1055 1559 1276 1597 extollebat.
1333 1559 1397 1597 Ita

116 1621 240 1659 Mario
261 1626 396 1657 cuneta
424 1621 636 1670 procedere.

195 1685 346 1722 LXVI.
379 1686 542 1723 Interim
560 1687 568 1703 ¹
585 1685 792 1735 Jugurtha,
806 1691 1018 1736 postquam,
1034 1686 1172 1723 omissa
1191 1686 1398 1736 deditione,

115 1749 259 1786 bellum
288 1749 434 1798 incipit,
468 1761 551 1785 cum
584 1762 721 1798 magna
753 1761 843 1786 cura
870 1762 1005 1798 parare
1034 1749 1170 1797 omnia,
1203 1750 1397 1799 festinare,

115 1825 249 1861 cogere
281 1813 519 1859 exercitum,
551 1812 740 1859 civitates,
760 1825 844 1862 quae
873 1813 921 1850 ab
950 1825 989 1849 se
1023 1813 1251 1861 defecerant,
1271 1813 1397 1851 formi-

115 1875 202 1912 dine
242 1880 308 1911 aut
341 1874 568 1912 ostentando
601 1875 756 1924 praemia
794 1876 991 1924 affeetare;
1036 1877 1270 1914 communire
1310 1890 1397 1915 suos

114 1937 238 1986 locos;
270 1951 386 1986 arma,
407 1938 494 1981 tela,
515 1938 601 1984 alia,
621 1951 706 1988 quae
727 1951 791 1988 spe
823 1939 927 1988 pacis
947 1940 1138 1987 amiserat,
1157 1941 1309 1977 reficere
1329 1945 1396 1976 aut

116 2001 359 2038 commercari
378 2014 383 2048 3
416 2001 574 2038 servitia
594 2001 853 2039 Romanorum
876 2002 1040 2050 allicere,
1061 2008 1100 2040 et
1118 2015 1181 2040 eos
1200 2003 1311 2052 ipsos,
1329 2004 1396 2054 qui

115 2065 155 2102 in
183 2064 371 2114 praesidiis
397 2069 515 2111 erant,
535 2065 695 2113 pecunia
716 2070 886 2114 tentare3
917 2078 1072 2115 prorsus
1092 2065 1189 2102 nihil
1209 2065 1394 2102 intactum

114 2141 237 2179 neque
257 2128 429 2179 quietum
449 2129 540 2177 pati,
561 2134 696 2178 cuneta
716 2130 872 2179 agitare.
923 2130 1050 2180 Igitur
1066 2129 1276 2179 Vagenses,
1295 2130 1307 2148 ²
1320 2143 1395 2180 quo

118 2190 300 2228 Metellus
321 2190 440 2235 initio,
455 2191 652 2239 ,Iugurtha
670 2193 900 2240 pacificante,
916 2193 1134 2241 praesidium
1154 2192 1395 2242 imposuerat,

116 2254 268 2302 fatigati
303 2253 402 2302 regis
440 2254 646 2302 suppliciis.
678 2268 796 2304 neque
840 2261 951 2291 autea
987 2255 1185 2291 voluntate
1225 2255 1396 2305 alienati,

115 2318 304 2366 principes
325 2317 492 2354 civitatis
523 2317 624 2353 inter
653 2331 692 2353 se
713 2320 934 2366 conjurant:
965 2331 1051 2354 nam
1073 2318 1220 2367 vulgus,
1240 2319 1299 2355 uti
1318 2319 1395 2368 ple-

114 2393 275 2430 rumque
314 2381 422 2430 solet,
446 2385 494 2432 ¹et
529 2379 694 2417 maxime
734 2381 1001 2431 Numidarum,
1039 2381 1213 2431 ⁸ingenio
1249 2381 1396 2431 mobili,
