1566 2586
151 191 224 229 126
492 205 534 229 c.
584 203 762 229 cn1sr1
809 204 1089 230 SALLUSTII

145 317 267 355 neque
286 304 411 341 minus
430 304 605 342 hostibus
633 305 880 354 conturbatis,
901 305 939 342 in
966 319 1084 344 unum
1112 306 1314 357 contrahit,
1334 306 1423 345 dein

146 372 302 404 cunctos
334 367 447 417 pleno
479 368 601 417 gradu
634 369 672 404 in
705 368 840 404 collem
875 368 1062 405 subducit.
1119 369 1184 406 Ita
1210 382 1330 420 reges,
1348 370 1442 408 loei-

145 429 370 467 difficultate
402 431 535 477 coacti,
563 430 695 479 proelio
724 431 989 480 deterrentur;
1025 444 1148 482 neque
1178 422 1307 469 tamen
1336 445 1423 470 suos

145 491 295 542 longius
314 493 419 530 abire
440 493 581 541 sinunt,
601 493 679 542 sed,
698 498 860 543 utroque
881 493 977 530 colle
997 493 1246 532 multitudine
1267 495 1423 532 circum-

145 553 246 602 dato,
265 554 400 591 ⁴effusi
434 554 651 591 consedere.>
703 554 816 591 Dein‘
836 554 978 592 crebris
1011 554 1163 604 ignibus
1192 555 1316 604 factis,
1347 555 1424 605 ple-

144 629 305 666 rumque
324 617 448 653 noctis
467 616 621 654 barbari
639 630 743 654 more
765 629 832 654 suo
851 616 986 666 laetari,
1006 617 1210 668 exsultare,
1230 618 1243 636 ⁸
1255 622 1423 668 strepere

145 679 311 726 vocibus,
331 684 370 716 et
391 679 463 728 ipsi
483 679 598 716 duces
626 679 780 726 feroces,
800 679 890 729 quia
916 693 991 716 non
1019 679 1162 728 fugere,
1180 692 1248 729 pro
1274 679 1424 716 victori·

144 742 216 780 bus
236 755 358 791 agere.
417 742 492 780 Sed
513 755 557 779 ea
576 747 713 779 cuncta
733 743 929 791 Romanis,
945 755 991 779 ex
1012 742 1180 781 tenebris
1200 747 1239 780 et
1258 742 1434 780 editiori—·

145 804 216 842 bus
236 805 330 842 locis
349 805 478 842 facilia
497 805 593 853 visu,
612 818 823 855 magnoque
843 805 1082 842 hortamento
1098 810 1215 842 erant.

235 868 385 906 XCIX.
435 869 652 905 Plurimum
687 882 775 906 vero
808 869 957 906 Marius
996 870 1005 886 ²
1027 869 1220 918 imperitia
1255 868 1422 906 hostium

145 932 399 980 confirmatus,
419 945 532 982 quam
563 932 771 968 maximum
803 931 999 968 silentium
1030 932 1162 970 haberi
1187 932 1320 981 jubet;
1351 933 1423 969 ²ne

145 994 254 1044 signa
274 995 439 1044 quidem,
459 995 517 1031 uti
541 1007 606 1043 per
625 995 777 1043 vigilias
797 994 982 1043 solebant,
1002 1007 1159 1031 canere:
1189 995 1338 1044 deinde,
1357 994 1424 1033 ubi

144 1057 211 1094 lux
232 1057 476 1105 adventabat,
486 1045 655 1094 'defessis
681 1059 760 1106 jam
791 1057 966 1094 hostibus
986 1062 1024 1094 et
1053 1057 1166 1106 paulo
1186 1063 1274 1095 ante
1294 1071 1423 1096 somno

146 1118 278 1168 captis,
299 1119 345 1155 dc
374 1119 577 1167 improviso
598 1119 744 1168 vigiles,
765 1119 855 1155 item
884 1119 1107 1167 cohortium,
1133 1124 1355 1168 turmarum,
1374 1119 1424 1157 le-

145 1181 300 1230 gionum
323 1181 514 1218 tubicines
535 1181 648 1217 simul
669 1193 798 1217 omnes
827 1180 934 1229 signa
962 1194 1107 1229 canere,
1126 1181 1270 1218 milites
1289 1181 1424 1218 clamo—

145 1256 224 1280 rem
249 1243 385 1280 tollere
416 1249 531 1293 atque
561 1244 681 1292 portis
711 1257 916 1292 erumpere.
975 1244 1102 1280 Mauri
1133 1249 1246 1294 atque
1268 1244 1423 1294 Gaetuli,

145 1307 275 1356 ignoto
291 1314 330 1343 et
345 1307 520 1344 horribili
541 1307 667 1344 sonitu
682 1312 837 1356 repente
858 1307 1119 1357 exciti,neque
1139 1308 1281 1356 fugere,
1301 1321 1422 1358 neque

145 1383 251 1407 arma
270 1382 414 1419 capere,
434 1383 556 1420 neque
585 1370 735 1406 omnino
756 1370 878 1406 facere
907 1375 973 1406 aut
998 1370 1195 1419 providere
1215 1371 1422 1421 quidquam

144 1438 322 1483 poterant
339 1446 346 1470 z
376 1433 431 1469 ita
451 1438 606 1469 cunctos
627 1432 801 1481 strepitu,
817 1432 992 1481 clamore,
1013 1433 1024 1450 ³
1037 1433 1142 1470 nullo
1162 1433 1422 1483 subveniente,

144 1495 286 1532 nostris
317 1495 562 1543 instantibus,
592 1495 772 1542 tumultu,
796 1500 950 1543 terrore,
970 1495 1133 1532 formido
1162 1495 1270 1545 quasi
1298 1507 1422 1533 vecor-

145 1559 209 1596 dia
228 1564 388 1608 ceperat.
447 1558 619 1608 Denique
640 1571 769 1595 omnes
788 1558 863 1595 fusi
882 1558 1103 1608 fugatique:
1134 1572 1238 1596 arma
1257 1564 1296 1596 et
1315 1559 1423 1608 signa

146 1620 333 1658 militaria
353 1620 533 1670 pleraque
553 1625 664 1669 capta
681 1633 687 1668 3
718 1620 920 1670 pluresque
951 1632 994 1656 eo
1024 1620 1156 1669 proelio
1175 1633 1287 1670 quam
1308 1620 1424 1658 omni-

146 1683 218 1722 bus
249 1683 507 1732 superioribus
537 1683 779 1732 interempti:
808 1696 896 1719 nam
916 1695 1046 1720 somno
1067 1687 1105 1719 et
1134 1688 1241 1720 metu
1269 1683 1423 1721 insolito

145 1748 332 1797 impedita
351 1748 450 1797 fuga.

225 1811 264 1850 O.
306 1812 405 1849 Dein
435 1812 593 1859 Marius,
621 1811 679 1848 uti
710 1816 883 1861 coeperat,
912 1812 951 1848 in
976 1811 1135 1850 hiberna
1164 1812 1424 1863 proficiscitur,

145 1888 231 1926 quae
257 1880 415 1924 propter
435 1879 687 1911 commeatum
709 1874 747 1911 in
768 1874 917 1924 oppidis
942 1875 1149 1914 maritimis
1168 1889 1279 1925 agere
1299 1876 1423 1914 decre-

150 1941 262 1976 verat.
320 1937 456 1987 Neque
484 1942 613 1974 tamen
645 1937 807 1975 victoria
839 1950 964 1974 socors
997 1942 1064 1974 aut
1096 1938 1261 1976 insolens
1287 1939 1422 1988 factus,

145 2002 222 2050 sed,
241 2000 384 2050 pariter
413 2013 455 2036 ac
477 2000 515 2036 in
535 2006 739 2049 conspectu
767 2000 945 2049 hostium,
967 2001 1175 2051 ¹quadrato
1201 2001 1350 2050 agmine
1370 2001 1422 2038 in-

146 2063 289 2100 cedere.
348 2062 456 2100 Sulla
489 2075 574 2098 cum
606 2062 780 2112 equitatu
812 2063 937 2112 ²apud
968 2063 1166 2110 dextimos,
1196 2062 1235 2099 in
1267 2062 1422 2100 sinistra

145 2129 254 2175 parte
275 2124 322 2161 A.
346 2123 514 2160 Manlius
540 2136 624 2160 cum
645 2125 904 2162 funditoribus
932 2130 971 2161 et
998 2124 1219 2174 sagittariis,
1239 2130 1422 2174 praeterea

146 2188 320 2224 cohortes
342 2187 528 2235 Ligurum
558 2187 737 2236 curabat3
768 2188 909 2237 primos
929 2193 968 2224 et
988 2193 1178 2224 extremos
1201 2200 1283 2224 cum
1314 2201 1422 2237 expe-

146 2251 238 2288 ditis
258 2250 462 2299 manipulis
486 2250 660 2287 tribunos
681 2251 879 2288 locaverat.
937 2251 948 2269 ³
963 2251 1150 2300 Perfugae,
1169 2251 1324 2288 minime
1343 2251 1422 2288 cari

147 2319 186 2350 et
222 2314 418 2363 regionum
455 2314 709 2361 scientissimi,
743 2315 910 2351 hostium
948 2314 1021 2351 iter
1051 2315 1308 2364 explorabant.
1366 2314 1421 2353 Si-

146 2375 227 2414 mul
257 2375 398 2425 consul,
429 2375 562 2426 ⁴quasi
591 2375 698 2413 nullo
728 2377 917 2426 imposito,
937 2376 1062 2413 omnia
1092 2377 1300 2426 providere,
1320 2376 1422 2427 apud
