<?xml version="1.0" encoding="UTF-8"?>
<!DOCTYPE html PUBLIC "-//W3C//DTD XHTML 1.0 Transitional//EN"
    "http://www.w3.org/TR/xhtml1/DTD/xhtml1-transitional.dtd">
<html xmlns="http://www.w3.org/1999/xhtml" xml:lang="en" lang="en">
 <head>
  <title>
</title>
<meta http-equiv="Content-Type" content="text/html;charset=utf-8" />
  <meta name='ocr-system' content='tesseract 3.04.00' />
  <meta name='ocr-capabilities' content='ocr_page ocr_carea ocr_par ocr_line ocrx_word'/>
</head>
<body>
  <div class='ocr_page' id='page_1' title='image "./historyofconspir00salluoft_0098.png"; bbox 0 0 1566 2586; ppageno 0'>
   <div class='ocr_carea' id='block_1_1' title="bbox 158 48 1098 186">
    <p class='ocr_par' dir='ltr' id='par_1_1' title="bbox 158 48 1098 186">
     <span class='ocr_line' id='line_1_1' title="bbox 874 48 935 71; baseline 0 -15"><span class='ocrx_word' id='word_1_1' title='bbox 874 57 890 71; x_wconf 62' lang='lat'><strong>·</strong></span> <span class='ocrx_word' id='word_1_2' title='bbox 925 48 935 56; x_wconf 94' lang='lat'>.</span> 
     </span>
     <span class='ocr_line' id='line_1_2' title="bbox 158 147 1098 186; baseline 0.002 -2"><span class='ocrx_word' id='word_1_3' title='bbox 158 147 208 184; x_wconf 83' lang='lat'>86</span> <span class='ocrx_word' id='word_1_4' title='bbox 503 161 546 185; x_wconf 87' lang='lat' dir='ltr'>c.</span> <span class='ocrx_word' id='word_1_5' title='bbox 596 161 772 185; x_wconf 70' lang='lat' dir='ltr'>crusm</span> <span class='ocrx_word' id='word_1_6' title='bbox 820 159 1098 186; x_wconf 69' lang='lat' dir='ltr'>SALLUSTII</span> 
     </span>
    </p>
   </div>
   <div class='ocr_carea' id='block_1_2' title="bbox 142 259 1431 2368">
    <p class='ocr_par' dir='ltr' id='par_1_2' title="bbox 146 259 1431 1491">
     <span class='ocr_line' id='line_1_3' title="bbox 233 259 1431 314; baseline 0.003 -17"><span class='ocrx_word' id='word_1_7' title='bbox 233 259 367 298; x_wconf 90' lang='lat' dir='ltr'>XLII.</span> <span class='ocrx_word' id='word_1_8' title='bbox 399 261 500 298; x_wconf 87' lang='lat' dir='ltr'>Nam</span> <span class='ocrx_word' id='word_1_9' title='bbox 530 266 731 311; x_wconf 75' lang='lat' dir='ltr'><strong>postquam</strong></span> <span class='ocrx_word' id='word_1_10' title='bbox 763 261 942 299; x_wconf 85' lang='lat' dir='ltr'>Tiberius</span> <span class='ocrx_word' id='word_1_11' title='bbox 970 266 1009 299; x_wconf 89' lang='lat' dir='ltr'>et</span> <span class='ocrx_word' id='word_1_12' title='bbox 1029 261 1069 300; x_wconf 81' lang='lat' dir='ltr'>O.</span> <span class='ocrx_word' id='word_1_13' title='bbox 1093 261 1299 312; x_wconf 79' lang='lat' dir='ltr'>Gracchus,</span> <span class='ocrx_word' id='word_1_14' title='bbox 1320 263 1431 314; x_wconf 86' lang='lat' dir='ltr'>¹quo-</span> 
     </span>
     <span class='ocr_line' id='line_1_4' title="bbox 154 323 1431 374; baseline 0.003 -16"><span class='ocrx_word' id='word_1_15' title='bbox 154 335 238 359; x_wconf 87' lang='lat' dir='ltr'>rum</span> <span class='ocrx_word' id='word_1_16' title='bbox 270 324 432 371; x_wconf 88' lang='lat' dir='ltr'>majores</span> <span class='ocrx_word' id='word_1_17' title='bbox 454 323 600 360; x_wconf 86' lang='lat' dir='ltr'>Punico</span> <span class='ocrx_word' id='word_1_18' title='bbox 629 329 743 373; x_wconf 87' lang='lat' dir='ltr'>atque</span> <span class='ocrx_word' id='word_1_19' title='bbox 764 323 850 360; x_wconf 86' lang='lat' dir='ltr'>aliis</span> <span class='ocrx_word' id='word_1_20' title='bbox 878 323 990 361; x_wconf 89' lang='lat' dir='ltr'>bellis</span> <span class='ocrx_word' id='word_1_21' title='bbox 1010 324 1174 361; x_wconf 89' lang='lat' dir='ltr'>multum</span> <span class='ocrx_word' id='word_1_22' title='bbox 1193 324 1431 374; x_wconf 71' lang='lat' dir='ltr'>reipublicae</span> 
     </span>
     <span class='ocr_line' id='line_1_5' title="bbox 154 384 1428 436; baseline 0.003 -16"><span class='ocrx_word' id='word_1_23' title='bbox 154 384 395 432; x_wconf 78' lang='lat' dir='ltr'>addiderant,</span> <span class='ocrx_word' id='word_1_24' title='bbox 425 385 619 422; x_wconf 88' lang='lat' dir='ltr'>vindicare</span> <span class='ocrx_word' id='word_1_25' title='bbox 653 385 802 434; x_wconf 84' lang='lat' dir='ltr'>plebem</span> <span class='ocrx_word' id='word_1_26' title='bbox 836 386 875 422; x_wconf 93' lang='lat' dir='ltr'>in</span> <span class='ocrx_word' id='word_1_27' title='bbox 904 385 1134 435; x_wconf 84' lang='lat' dir='ltr'>libertatem,</span> <span class='ocrx_word' id='word_1_28' title='bbox 1154 391 1194 423; x_wconf 90' lang='lat' dir='ltr'>et</span> <span class='ocrx_word' id='word_1_29' title='bbox 1223 399 1428 436; x_wconf 83' lang='lat' dir='ltr'>paucorum</span> 
     </span>
     <span class='ocr_line' id='line_1_6' title="bbox 155 446 1429 498; baseline 0.002 -15"><span class='ocrx_word' id='word_1_30' title='bbox 155 446 298 483; x_wconf 83' lang='lat' dir='ltr'>scelera</span> <span class='ocrx_word' id='word_1_31' title='bbox 317 447 530 496; x_wconf 82' lang='lat' dir='ltr'>patefacere</span> <span class='ocrx_word' id='word_1_32' title='bbox 551 460 706 496; x_wconf 87' lang='lat' dir='ltr'>coepere,</span> <span class='ocrx_word' id='word_1_33' title='bbox 718 447 900 484; x_wconf 83' lang='lat' dir='ltr'><strong>nobilitas</strong></span> <span class='ocrx_word' id='word_1_34' title='bbox 919 448 1045 496; x_wconf 81' lang='lat' dir='ltr'>noxia,</span> <span class='ocrx_word' id='word_1_35' title='bbox 1060 453 1174 498; x_wconf 85' lang='lat' dir='ltr'>atque</span> <span class='ocrx_word' id='word_1_36' title='bbox 1187 461 1230 486; x_wconf 89' lang='lat' dir='ltr'>eo</span> <span class='ocrx_word' id='word_1_37' title='bbox 1244 449 1429 498; x_wconf 77' lang='lat' dir='ltr'>perculsa,</span> 
     </span>
     <span class='ocr_line' id='line_1_7' title="bbox 153 509 1428 560; baseline 0.002 -15"><span class='ocrx_word' id='word_1_38' title='bbox 153 509 264 545; x_wconf 91' lang='lat' dir='ltr'>modo</span> <span class='ocrx_word' id='word_1_39' title='bbox 295 522 362 558; x_wconf 89' lang='lat' dir='ltr'>per</span> <span class='ocrx_word' id='word_1_40' title='bbox 382 509 502 546; x_wconf 85' lang='lat' dir='ltr'>socios</span> <span class='ocrx_word' id='word_1_41' title='bbox 535 522 578 545; x_wconf 85' lang='lat' dir='ltr'>ac</span> <span class='ocrx_word' id='word_1_42' title='bbox 611 522 747 546; x_wconf 89' lang='lat' dir='ltr'>nomen</span> <span class='ocrx_word' id='word_1_43' title='bbox 769 510 963 556; x_wconf 69' lang='lat' dir='ltr'>Latinum,</span> <span class='ocrx_word' id='word_1_44' title='bbox 982 510 1174 547; x_wconf 85' lang='lat' dir='ltr'>interdum</span> <span class='ocrx_word' id='word_1_45' title='bbox 1193 523 1261 560; x_wconf 88' lang='lat' dir='ltr'>per</span> <span class='ocrx_word' id='word_1_46' title='bbox 1280 510 1428 560; x_wconf 78' lang='lat' dir='ltr'>equites</span> 
     </span>
     <span class='ocr_line' id='line_1_8' title="bbox 154 571 1428 622; baseline 0.002 -15"><span class='ocrx_word' id='word_1_47' title='bbox 154 571 357 619; x_wconf 84' lang='lat' dir='ltr'>Romanos,</span> <span class='ocrx_word' id='word_1_48' title='bbox 376 585 470 621; x_wconf 87' lang='lat' dir='ltr'>quos</span> <span class='ocrx_word' id='word_1_49' title='bbox 491 585 575 620; x_wconf 86' lang='lat' dir='ltr'>spes</span> <span class='ocrx_word' id='word_1_50' title='bbox 595 572 790 608; x_wconf 87' lang='lat' dir='ltr'>societatis</span> <span class='ocrx_word' id='word_1_51' title='bbox 821 585 843 609; x_wconf 85' lang='lat' dir='ltr'>a</span> <span class='ocrx_word' id='word_1_52' title='bbox 869 572 979 621; x_wconf 87' lang='lat' dir='ltr'>plebe</span> <span class='ocrx_word' id='word_1_53' title='bbox 1002 572 1224 622; x_wconf 74' lang='lat' dir='ltr'>dimoverat,</span> <span class='ocrx_word' id='word_1_54' title='bbox 1243 572 1428 611; x_wconf 76' lang='lat' dir='ltr'>Graccho-</span> 
     </span>
     <span class='ocr_line' id='line_1_9' title="bbox 151 634 1428 687; baseline 0.002 -18"><span class='ocrx_word' id='word_1_55' title='bbox 151 646 235 669; x_wconf 87' lang='lat' dir='ltr'>rum</span> <span class='ocrx_word' id='word_1_56' title='bbox 270 634 482 670; x_wconf 73' lang='lat' dir='ltr'>actionibus</span> <span class='ocrx_word' id='word_1_57' title='bbox 521 634 668 670; x_wconf 87' lang='lat' dir='ltr'>obviam</span> <span class='ocrx_word' id='word_1_58' title='bbox 703 634 823 683; x_wconf 80' lang='lat' dir='ltr'>ierat3</span> <span class='ocrx_word' id='word_1_59' title='bbox 860 640 907 671; x_wconf 82' lang='lat' dir='ltr'>&#39;et</span> <span class='ocrx_word' id='word_1_60' title='bbox 938 634 1061 683; x_wconf 90' lang='lat' dir='ltr'>primo</span> <span class='ocrx_word' id='word_1_61' title='bbox 1102 634 1310 684; x_wconf 79' lang='lat' dir='ltr'>Tiberium,</span> <span class='ocrx_word' id='word_1_62' title='bbox 1340 634 1428 687; x_wconf 79' lang='lat' dir='ltr'>dein</span> 
     </span>
     <span class='ocr_line' id='line_1_10' title="bbox 151 695 1427 744; baseline 0.002 -14"><span class='ocrx_word' id='word_1_63' title='bbox 151 707 290 742; x_wconf 85' lang='lat' dir='ltr'>paucos</span> <span class='ocrx_word' id='word_1_64' title='bbox 323 700 410 743; x_wconf 89' lang='lat' dir='ltr'>post</span> <span class='ocrx_word' id='word_1_65' title='bbox 442 708 559 731; x_wconf 84' lang='lat' dir='ltr'>annos</span> <span class='ocrx_word' id='word_1_66' title='bbox 589 695 722 732; x_wconf 87' lang='lat' dir='ltr'>eadem</span> <span class='ocrx_word' id='word_1_67' title='bbox 752 695 1031 744; x_wconf 82' lang='lat' dir='ltr'>ingredientem</span> <span class='ocrx_word' id='word_1_68' title='bbox 1064 695 1211 744; x_wconf 83' lang='lat' dir='ltr'>Caium,</span> <span class='ocrx_word' id='word_1_69' title='bbox 1229 695 1427 734; x_wconf 84' lang='lat' dir='ltr'>tribunum</span> 
     </span>
     <span class='ocr_line' id='line_1_11' title="bbox 151 757 1423 807; baseline 0.002 -15"><span class='ocrx_word' id='word_1_70' title='bbox 151 757 327 798; x_wconf 74' lang='lat' dir='ltr'>alterum,</span> <span class='ocrx_word' id='word_1_71' title='bbox 347 757 509 794; x_wconf 86' lang='lat' dir='ltr'>alterum</span> <span class='ocrx_word' id='word_1_72' title='bbox 541 757 782 795; x_wconf 84' lang='lat' dir='ltr'>triumvirum</span> <span class='ocrx_word' id='word_1_73' title='bbox 813 758 971 795; x_wconf 89' lang='lat' dir='ltr'>coloniis</span> <span class='ocrx_word' id='word_1_74' title='bbox 1001 758 1246 807; x_wconf 80' lang='lat' dir='ltr'>deducendis,</span> <span class='ocrx_word' id='word_1_75' title='bbox 1265 771 1350 795; x_wconf 88' lang='lat' dir='ltr'>cum</span> <span class='ocrx_word' id='word_1_76' title='bbox 1371 757 1423 796; x_wconf 90' lang='lat' dir='ltr'>M.</span> 
     </span>
     <span class='ocr_line' id='line_1_12' title="bbox 153 818 1427 869; baseline 0.002 -15"><span class='ocrx_word' id='word_1_77' title='bbox 153 818 289 855; x_wconf 82' lang='lat' dir='ltr'>Fulvio</span> <span class='ocrx_word' id='word_1_78' title='bbox 313 819 448 856; x_wconf 81' lang='lat' dir='ltr'>Flacco</span> <span class='ocrx_word' id='word_1_79' title='bbox 467 820 567 857; x_wconf 85' lang='lat' dir='ltr'>ferro</span> <span class='ocrx_word' id='word_1_80' title='bbox 587 825 797 856; x_wconf 84' lang='lat' dir='ltr'>necaverat.</span> <span class='ocrx_word' id='word_1_81' title='bbox 856 820 909 856; x_wconf 88' lang='lat' dir='ltr'>Et</span> <span class='ocrx_word' id='word_1_82' title='bbox 938 827 1027 856; x_wconf 79' lang='lat' dir='ltr'>sane</span> <span class='ocrx_word' id='word_1_83' title='bbox 1048 819 1231 858; x_wconf 83' lang='lat' dir='ltr'>Gracchis</span> <span class='ocrx_word' id='word_1_84' title='bbox 1249 820 1427 869; x_wconf 89' lang='lat' dir='ltr'>cupidine</span> 
     </span>
     <span class='ocr_line' id='line_1_13' title="bbox 150 863 1426 920; baseline 0.001 -2"><span class='ocrx_word' id='word_1_85' title='bbox 150 881 321 918; x_wconf 79' lang='lat' dir='ltr'>victoriae</span> <span class='ocrx_word' id='word_1_86' title='bbox 339 881 441 918; x_wconf 87' lang='lat' dir='ltr'>haud</span> <span class='ocrx_word' id='word_1_87' title='bbox 462 883 555 919; x_wconf 86' lang='lat' dir='ltr'>satis</span> <span class='ocrx_word' id='word_1_88' title='bbox 576 882 796 919; x_wconf 86' lang='lat' dir='ltr'>moderatus</span> <span class='ocrx_word' id='word_1_89' title='bbox 816 863 965 919; x_wconf 62' lang='lat' dir='ltr'>aniiffus</span> <span class='ocrx_word' id='word_1_90' title='bbox 983 882 1078 918; x_wconf 84' lang='lat' dir='ltr'>fuit:</span> <span class='ocrx_word' id='word_1_91' title='bbox 1099 882 1112 900; x_wconf 72' lang='lat'>²</span> <span class='ocrx_word' id='word_1_92' title='bbox 1126 882 1193 919; x_wconf 92' lang='lat' dir='ltr'>sed</span> <span class='ocrx_word' id='word_1_93' title='bbox 1212 882 1309 920; x_wconf 88' lang='lat' dir='ltr'>bono</span> <span class='ocrx_word' id='word_1_94' title='bbox 1323 882 1426 920; x_wconf 88' lang='lat' dir='ltr'>vinci</span> 
     </span>
     <span class='ocr_line' id='line_1_14' title="bbox 151 943 1427 994; baseline 0.002 -15"><span class='ocrx_word' id='word_1_95' title='bbox 151 943 270 980; x_wconf 85' lang='lat' dir='ltr'>satius</span> <span class='ocrx_word' id='word_1_96' title='bbox 290 949 359 992; x_wconf 87' lang='lat' dir='ltr'>est,</span> <span class='ocrx_word' id='word_1_97' title='bbox 377 958 490 994; x_wconf 85' lang='lat' dir='ltr'>quam</span> <span class='ocrx_word' id='word_1_98' title='bbox 519 945 621 981; x_wconf 85' lang='lat' dir='ltr'>malo</span> <span class='ocrx_word' id='word_1_99' title='bbox 651 957 754 981; x_wconf 89' lang='lat' dir='ltr'>more</span> <span class='ocrx_word' id='word_1_100' title='bbox 787 944 967 992; x_wconf 88' lang='lat' dir='ltr'>injuriam</span> <span class='ocrx_word' id='word_1_101' title='bbox 985 945 1145 982; x_wconf 87' lang='lat' dir='ltr'>vincere.</span> <span class='ocrx_word' id='word_1_102' title='bbox 1203 944 1330 993; x_wconf 84' lang='lat' dir='ltr'>Igitur</span> <span class='ocrx_word' id='word_1_103' title='bbox 1357 945 1427 981; x_wconf 76' lang='lat' dir='ltr'>&#39;ea</span> 
     </span>
     <span class='ocr_line' id='line_1_15' title="bbox 149 1004 1426 1054; baseline 0.002 -13"><span class='ocrx_word' id='word_1_104' title='bbox 149 1004 309 1042; x_wconf 87' lang='lat' dir='ltr'>victoria</span> <span class='ocrx_word' id='word_1_105' title='bbox 328 1006 509 1042; x_wconf 80' lang='lat' dir='ltr'>nobilitas</span> <span class='ocrx_word' id='word_1_106' title='bbox 528 1019 575 1042; x_wconf 85' lang='lat' dir='ltr'>ex</span> <span class='ocrx_word' id='word_1_107' title='bbox 595 1006 754 1043; x_wconf 90' lang='lat' dir='ltr'>libidine</span> <span class='ocrx_word' id='word_1_108' title='bbox 775 1019 842 1042; x_wconf 87' lang='lat' dir='ltr'>sua</span> <span class='ocrx_word' id='word_1_109' title='bbox 869 1019 948 1054; x_wconf 84' lang='lat' dir='ltr'>usa,</span> <span class='ocrx_word' id='word_1_110' title='bbox 967 1006 1108 1043; x_wconf 87' lang='lat' dir='ltr'>multos</span> <span class='ocrx_word' id='word_1_111' title='bbox 1126 1006 1307 1044; x_wconf 78' lang='lat' dir='ltr'>mortales</span> <span class='ocrx_word' id='word_1_112' title='bbox 1325 1007 1426 1044; x_wconf 84' lang='lat' dir='ltr'>ferro</span> 
     </span>
     <span class='ocr_line' id='line_1_16' title="bbox 150 1067 1426 1119; baseline 0.002 -16"><span class='ocrx_word' id='word_1_113' title='bbox 150 1072 216 1103; x_wconf 86' lang='lat' dir='ltr'>aut</span> <span class='ocrx_word' id='word_1_114' title='bbox 243 1067 334 1116; x_wconf 85' lang='lat' dir='ltr'>fuga</span> <span class='ocrx_word' id='word_1_115' title='bbox 362 1068 569 1116; x_wconf 81' lang='lat' dir='ltr'>exstinxit3</span> <span class='ocrx_word' id='word_1_116' title='bbox 601 1068 761 1118; x_wconf 86' lang='lat' dir='ltr'>plusque</span> <span class='ocrx_word' id='word_1_117' title='bbox 785 1068 823 1104; x_wconf 92' lang='lat' dir='ltr'>in</span> <span class='ocrx_word' id='word_1_118' title='bbox 843 1068 1032 1118; x_wconf 89' lang='lat' dir='ltr'>reliquum</span> <span class='ocrx_word' id='word_1_119' title='bbox 1052 1068 1125 1106; x_wconf 78' lang='lat' dir='ltr'>sibi</span> <span class='ocrx_word' id='word_1_120' title='bbox 1145 1068 1293 1106; x_wconf 83' lang='lat' dir='ltr'>timoris</span> <span class='ocrx_word' id='word_1_121' title='bbox 1311 1081 1426 1119; x_wconf 81' lang='lat' dir='ltr'>quam</span> 
     </span>
     <span class='ocr_line' id='line_1_17' title="bbox 148 1130 1424 1181; baseline 0.002 -16"><span class='ocrx_word' id='word_1_122' title='bbox 148 1130 343 1178; x_wconf 51' lang='lat' dir='ltr'>potentiae*</span> <span class='ocrx_word' id='word_1_123' title='bbox 360 1130 519 1166; x_wconf 85' lang='lat' dir='ltr'>addidit.</span> <span class='ocrx_word' id='word_1_124' title='bbox 591 1130 685 1175; x_wconf 86' lang='lat' dir='ltr'>Quae</span> <span class='ocrx_word' id='word_1_125' title='bbox 722 1143 782 1167; x_wconf 87' lang='lat' dir='ltr'>res</span> <span class='ocrx_word' id='word_1_126' title='bbox 812 1131 1035 1181; x_wconf 87' lang='lat' dir='ltr'>plerumque</span> <span class='ocrx_word' id='word_1_127' title='bbox 1065 1143 1222 1180; x_wconf 81' lang='lat' dir='ltr'>magnas</span> <span class='ocrx_word' id='word_1_128' title='bbox 1250 1131 1424 1169; x_wconf 85' lang='lat' dir='ltr'>civitates</span> 
     </span>
     <span class='ocr_line' id='line_1_18' title="bbox 148 1192 1426 1242; baseline 0.001 -14"><span class='ocrx_word' id='word_1_129' title='bbox 148 1192 422 1240; x_wconf 82' lang='lat' dir='ltr'>pessumdedit,</span> <span class='ocrx_word' id='word_1_130' title='bbox 451 1193 542 1229; x_wconf 90' lang='lat' dir='ltr'>dum</span> <span class='ocrx_word' id='word_1_131' title='bbox 575 1193 688 1229; x_wconf 85' lang='lat' dir='ltr'>alteri</span> <span class='ocrx_word' id='word_1_132' title='bbox 716 1193 854 1230; x_wconf 86' lang='lat' dir='ltr'>alteros</span> <span class='ocrx_word' id='word_1_133' title='bbox 886 1193 1036 1230; x_wconf 82' lang='lat' dir='ltr'>vincere</span> <span class='ocrx_word' id='word_1_134' title='bbox 1066 1193 1200 1242; x_wconf 79' lang='lat' dir='ltr'>quovis</span> <span class='ocrx_word' id='word_1_135' title='bbox 1232 1193 1356 1242; x_wconf 89' lang='lat' dir='ltr'>modo,</span> <span class='ocrx_word' id='word_1_136' title='bbox 1385 1197 1426 1229; x_wconf 88' lang='lat' dir='ltr'>et</span> 
     </span>
     <span class='ocr_line' id='line_1_19' title="bbox 149 1253 1424 1304; baseline 0.001 -13"><span class='ocrx_word' id='word_1_137' title='bbox 149 1253 270 1291; x_wconf 88' lang='lat' dir='ltr'>victos</span> <span class='ocrx_word' id='word_1_138' title='bbox 289 1254 462 1291; x_wconf 86' lang='lat' dir='ltr'>acerbius</span> <span class='ocrx_word' id='word_1_139' title='bbox 490 1255 623 1291; x_wconf 87' lang='lat' dir='ltr'>ulcisci</span> <span class='ocrx_word' id='word_1_140' title='bbox 642 1255 783 1292; x_wconf 88' lang='lat' dir='ltr'>volunt.</span> <span class='ocrx_word' id='word_1_141' title='bbox 842 1254 918 1292; x_wconf 87' lang='lat' dir='ltr'>Sed</span> <span class='ocrx_word' id='word_1_142' title='bbox 947 1255 958 1272; x_wconf 88' lang='lat'><strong>⁴</strong></span> <span class='ocrx_word' id='word_1_143' title='bbox 972 1255 1019 1291; x_wconf 93' lang='lat' dir='ltr'>de</span> <span class='ocrx_word' id='word_1_144' title='bbox 1039 1255 1179 1292; x_wconf 84' lang='lat' dir='ltr'>studiis</span> <span class='ocrx_word' id='word_1_145' title='bbox 1197 1255 1364 1304; x_wconf 85' lang='lat' dir='ltr'>partium</span> <span class='ocrx_word' id='word_1_146' title='bbox 1384 1259 1424 1292; x_wconf 90' lang='lat' dir='ltr'>et</span> 
     </span>
     <span class='ocr_line' id='line_1_20' title="bbox 148 1315 1423 1365; baseline 0.001 -13"><span class='ocrx_word' id='word_1_147' title='bbox 148 1315 270 1352; x_wconf 87' lang='lat' dir='ltr'>omnis</span> <span class='ocrx_word' id='word_1_148' title='bbox 289 1316 457 1353; x_wconf 83' lang='lat' dir='ltr'>civitatis</span> <span class='ocrx_word' id='word_1_149' title='bbox 476 1316 644 1353; x_wconf 85' lang='lat' dir='ltr'>moribus</span> <span class='ocrx_word' id='word_1_150' title='bbox 664 1316 696 1353; x_wconf 90' lang='lat' dir='ltr'>si</span> <span class='ocrx_word' id='word_1_151' title='bbox 726 1316 947 1364; x_wconf 88' lang='lat' dir='ltr'>singulatim</span> <span class='ocrx_word' id='word_1_152' title='bbox 979 1321 1046 1353; x_wconf 90' lang='lat' dir='ltr'>aut</span> <span class='ocrx_word' id='word_1_153' title='bbox 1073 1329 1140 1365; x_wconf 89' lang='lat' dir='ltr'>pro</span> <span class='ocrx_word' id='word_1_154' title='bbox 1159 1316 1423 1365; x_wconf 86' lang='lat' dir='ltr'>magnitudine</span> 
     </span>
     <span class='ocr_line' id='line_1_21' title="bbox 147 1378 1419 1428; baseline 0.002 -14"><span class='ocrx_word' id='word_1_155' title='bbox 147 1391 275 1427; x_wconf 87' lang='lat' dir='ltr'>parem</span> <span class='ocrx_word' id='word_1_156' title='bbox 310 1378 488 1426; x_wconf 85' lang='lat' dir='ltr'>diserere,</span> <span class='ocrx_word' id='word_1_157' title='bbox 520 1383 670 1428; x_wconf 84' lang='lat' dir='ltr'>tempus</span> <span class='ocrx_word' id='word_1_158' title='bbox 703 1391 816 1428; x_wconf 87' lang='lat' dir='ltr'>quam</span> <span class='ocrx_word' id='word_1_159' title='bbox 844 1391 904 1415; x_wconf 86' lang='lat' dir='ltr'>res</span> <span class='ocrx_word' id='word_1_160' title='bbox 937 1379 1124 1416; x_wconf 88' lang='lat' dir='ltr'>maturius</span> <span class='ocrx_word' id='word_1_161' title='bbox 1155 1392 1215 1416; x_wconf 90' lang='lat' dir='ltr'>me</span> <span class='ocrx_word' id='word_1_162' title='bbox 1249 1379 1419 1417; x_wconf 85' lang='lat' dir='ltr'>deseret:</span> 
     </span>
     <span class='ocr_line' id='line_1_22' title="bbox 146 1441 813 1491; baseline 0 -13"><span class='ocrx_word' id='word_1_163' title='bbox 146 1441 392 1491; x_wconf 89' lang='lat' dir='ltr'>quamobrem</span> <span class='ocrx_word' id='word_1_164' title='bbox 413 1442 460 1478; x_wconf 89' lang='lat' dir='ltr'>ad</span> <span class='ocrx_word' id='word_1_165' title='bbox 481 1441 671 1490; x_wconf 88' lang='lat' dir='ltr'>inceptum</span> <span class='ocrx_word' id='word_1_166' title='bbox 691 1442 813 1478; x_wconf 88' lang='lat' dir='ltr'>redeo.</span> 
     </span>
    </p>

    <p class='ocr_par' dir='ltr' id='par_1_3' title="bbox 142 1502 1422 2368">
     <span class='ocr_line' id='line_1_23' title="bbox 225 1502 1421 1554; baseline 0.002 -14"><span class='ocrx_word' id='word_1_167' title='bbox 225 1502 384 1540; x_wconf 91' lang='lat' dir='ltr'>XLIII.</span> <span class='ocrx_word' id='word_1_168' title='bbox 417 1503 512 1540; x_wconf 89' lang='lat' dir='ltr'>Post</span> <span class='ocrx_word' id='word_1_169' title='bbox 544 1503 639 1540; x_wconf 92' lang='lat' dir='ltr'>Auli</span> <span class='ocrx_word' id='word_1_170' title='bbox 672 1503 794 1540; x_wconf 88' lang='lat' dir='ltr'>foedus</span> <span class='ocrx_word' id='word_1_171' title='bbox 825 1504 1089 1554; x_wconf 61' lang='lat' dir='ltr'>eireroitusque</span> <span class='ocrx_word' id='word_1_172' title='bbox 1122 1504 1244 1542; x_wconf 86' lang='lat' dir='ltr'>nostri</span> <span class='ocrx_word' id='word_1_173' title='bbox 1281 1505 1421 1542; x_wconf 81' lang='lat' dir='ltr'>foedam</span> 
     </span>
     <span class='ocr_line' id='line_1_24' title="bbox 146 1566 1422 1617; baseline 0.001 -14"><span class='ocrx_word' id='word_1_174' title='bbox 146 1567 288 1614; x_wconf 80' lang='lat' dir='ltr'>fugam,</span> <span class='ocrx_word' id='word_1_175' title='bbox 309 1566 492 1603; x_wconf 85' lang='lat' dir='ltr'>Metellus</span> <span class='ocrx_word' id='word_1_176' title='bbox 511 1571 550 1603; x_wconf 90' lang='lat' dir='ltr'>et</span> <span class='ocrx_word' id='word_1_177' title='bbox 579 1566 743 1615; x_wconf 84' lang='lat' dir='ltr'>Silanus,</span> <span class='ocrx_word' id='word_1_178' title='bbox 765 1568 773 1584; x_wconf 86' lang='lat'>¹</span> <span class='ocrx_word' id='word_1_179' title='bbox 789 1567 961 1604; x_wconf 85' lang='lat' dir='ltr'>consules</span> <span class='ocrx_word' id='word_1_180' title='bbox 989 1567 1190 1616; x_wconf 86' lang='lat' dir='ltr'>designati,</span> <span class='ocrx_word' id='word_1_181' title='bbox 1209 1568 1422 1617; x_wconf 79' lang='lat' dir='ltr'>provincias</span> 
     </span>
     <span class='ocr_line' id='line_1_25' title="bbox 147 1629 1422 1679; baseline 0.002 -14"><span class='ocrx_word' id='word_1_182' title='bbox 147 1629 248 1666; x_wconf 90' lang='lat' dir='ltr'>inter</span> <span class='ocrx_word' id='word_1_183' title='bbox 280 1642 319 1666; x_wconf 88' lang='lat' dir='ltr'>se</span> <span class='ocrx_word' id='word_1_184' title='bbox 352 1629 599 1678; x_wconf 83' lang='lat' dir='ltr'>partiverant‚</span> <span class='ocrx_word' id='word_1_185' title='bbox 634 1629 869 1678; x_wconf 86' lang='lat' dir='ltr'>Metelloque</span> <span class='ocrx_word' id='word_1_186' title='bbox 903 1629 1089 1666; x_wconf 86' lang='lat' dir='ltr'>Numidia</span> <span class='ocrx_word' id='word_1_187' title='bbox 1121 1635 1310 1679; x_wconf 84' lang='lat' dir='ltr'>evenerat,</span> <span class='ocrx_word' id='word_1_188' title='bbox 1343 1630 1422 1668; x_wconf 82' lang='lat' dir='ltr'>acri</span> 
     </span>
     <span class='ocr_line' id='line_1_26' title="bbox 145 1692 1420 1742; baseline 0.001 -12"><span class='ocrx_word' id='word_1_189' title='bbox 145 1693 239 1740; x_wconf 86' lang='lat' dir='ltr'>viro,</span> <span class='ocrx_word' id='word_1_190' title='bbox 270 1698 320 1740; x_wconf 92' lang='lat' dir='ltr'>et,</span> <span class='ocrx_word' id='word_1_191' title='bbox 349 1706 578 1742; x_wconf 84' lang='lat' dir='ltr'>quamquam</span> <span class='ocrx_word' id='word_1_192' title='bbox 609 1692 766 1730; x_wconf 86' lang='lat' dir='ltr'>adverso</span> <span class='ocrx_word' id='word_1_193' title='bbox 796 1693 926 1742; x_wconf 91' lang='lat' dir='ltr'>populi</span> <span class='ocrx_word' id='word_1_194' title='bbox 954 1693 1133 1742; x_wconf 85' lang='lat' dir='ltr'>partium,</span> <span class='ocrx_word' id='word_1_195' title='bbox 1161 1694 1264 1730; x_wconf 83' lang='lat' dir='ltr'>fama</span> <span class='ocrx_word' id='word_1_196' title='bbox 1291 1698 1420 1731; x_wconf 82' lang='lat' dir='ltr'>tamen</span> 
     </span>
     <span class='ocr_line' id='line_1_27' title="bbox 145 1755 1420 1806; baseline 0.002 -15"><span class='ocrx_word' id='word_1_197' title='bbox 145 1755 326 1804; x_wconf 78' lang='lat' dir='ltr'>aequabili</span> <span class='ocrx_word' id='word_1_198' title='bbox 345 1760 384 1791; x_wconf 88' lang='lat' dir='ltr'>et</span> <span class='ocrx_word' id='word_1_199' title='bbox 403 1755 595 1792; x_wconf 85' lang='lat' dir='ltr'>inviolata.</span> <span class='ocrx_word' id='word_1_200' title='bbox 654 1755 694 1792; x_wconf 88' lang='lat' dir='ltr'>Is</span> <span class='ocrx_word' id='word_1_201' title='bbox 714 1755 780 1791; x_wconf 93' lang='lat' dir='ltr'>ubi</span> <span class='ocrx_word' id='word_1_202' title='bbox 799 1756 963 1804; x_wconf 90' lang='lat' dir='ltr'>primum</span> <span class='ocrx_word' id='word_1_203' title='bbox 985 1756 1251 1805; x_wconf 83' lang='lat' dir='ltr'>magistratum</span> <span class='ocrx_word' id='word_1_204' title='bbox 1279 1755 1420 1806; x_wconf 83' lang='lat' dir='ltr'>ingres-</span> 
     </span>
     <span class='ocr_line' id='line_1_28' title="bbox 145 1816 1418 1868; baseline 0 -13"><span class='ocrx_word' id='word_1_205' title='bbox 145 1829 209 1855; x_wconf 81' lang='lat' dir='ltr'>sus</span> <span class='ocrx_word' id='word_1_206' title='bbox 229 1822 298 1865; x_wconf 85' lang='lat' dir='ltr'>est,</span> <span class='ocrx_word' id='word_1_207' title='bbox 317 1817 330 1834; x_wconf 80' lang='lat'>²</span> <span class='ocrx_word' id='word_1_208' title='bbox 342 1817 418 1853; x_wconf 86' lang='lat' dir='ltr'>alia</span> <span class='ocrx_word' id='word_1_209' title='bbox 437 1816 564 1854; x_wconf 87' lang='lat' dir='ltr'>omnia</span> <span class='ocrx_word' id='word_1_210' title='bbox 583 1817 657 1854; x_wconf 86' lang='lat' dir='ltr'>sibi</span> <span class='ocrx_word' id='word_1_211' title='bbox 677 1829 761 1853; x_wconf 90' lang='lat' dir='ltr'>cum</span> <span class='ocrx_word' id='word_1_212' title='bbox 782 1817 929 1866; x_wconf 87' lang='lat' dir='ltr'>collega</span> <span class='ocrx_word' id='word_1_213' title='bbox 947 1823 1065 1867; x_wconf 86' lang='lat' dir='ltr'>ratus,</span> <span class='ocrx_word' id='word_1_214' title='bbox 1080 1818 1128 1855; x_wconf 90' lang='lat' dir='ltr'>ad</span> <span class='ocrx_word' id='word_1_215' title='bbox 1148 1817 1303 1867; x_wconf 88' lang='lat' dir='ltr'>bellum,</span> <span class='ocrx_word' id='word_1_216' title='bbox 1317 1817 1418 1868; x_wconf 88' lang='lat' dir='ltr'>quod</span> 
     </span>
     <span class='ocr_line' id='line_1_29' title="bbox 143 1880 1416 1930; baseline 0.001 -14"><span class='ocrx_word' id='word_1_217' title='bbox 143 1886 322 1930; x_wconf 84' lang='lat' dir='ltr'>gesturus</span> <span class='ocrx_word' id='word_1_218' title='bbox 341 1885 434 1928; x_wconf 87' lang='lat' dir='ltr'>erat,</span> <span class='ocrx_word' id='word_1_219' title='bbox 454 1880 623 1917; x_wconf 89' lang='lat' dir='ltr'>animum</span> <span class='ocrx_word' id='word_1_220' title='bbox 644 1880 819 1917; x_wconf 88' lang='lat' dir='ltr'>intendit.</span> <span class='ocrx_word' id='word_1_221' title='bbox 878 1881 1004 1929; x_wconf 88' lang='lat' dir='ltr'>Igitur</span> <span class='ocrx_word' id='word_1_222' title='bbox 1024 1881 1196 1918; x_wconf 86' lang='lat' dir='ltr'>diffidens</span> <span class='ocrx_word' id='word_1_223' title='bbox 1214 1881 1336 1919; x_wconf 80' lang='lat' dir='ltr'>veteri</span> <span class='ocrx_word' id='word_1_224' title='bbox 1355 1893 1416 1918; x_wconf 83' lang='lat' dir='ltr'>ex·</span> 
     </span>
     <span class='ocr_line' id='line_1_30' title="bbox 145 1943 1416 1994; baseline -0.001 -14"><span class='ocrx_word' id='word_1_225' title='bbox 145 1943 293 1991; x_wconf 87' lang='lat' dir='ltr'>ercitui,</span> <span class='ocrx_word' id='word_1_226' title='bbox 311 1943 456 1982; x_wconf 69' lang='lat' dir='ltr'>milit-s</span> <span class='ocrx_word' id='word_1_227' title='bbox 476 1943 651 1992; x_wconf 85' lang='lat' dir='ltr'>scribere,</span> <span class='ocrx_word' id='word_1_228' title='bbox 672 1944 682 1961; x_wconf 78' lang='lat'><strong>⁸</strong></span> <span class='ocrx_word' id='word_1_229' title='bbox 696 1944 874 1993; x_wconf 84' lang='lat' dir='ltr'>praesidia</span> <span class='ocrx_word' id='word_1_230' title='bbox 892 1944 1060 1994; x_wconf 89' lang='lat' dir='ltr'>undique</span> <span class='ocrx_word' id='word_1_231' title='bbox 1079 1956 1279 1991; x_wconf 83' lang='lat' dir='ltr'>arcessere,</span> <span class='ocrx_word' id='word_1_232' title='bbox 1299 1955 1416 1992; x_wconf 81' lang='lat' dir='ltr'>arma,</span> 
     </span>
     <span class='ocr_line' id='line_1_31' title="bbox 145 2005 1416 2055; baseline 0 -13"><span class='ocrx_word' id='word_1_233' title='bbox 145 2006 234 2054; x_wconf 87' lang='lat' dir='ltr'>tela,</span> <span class='ocrx_word' id='word_1_234' title='bbox 264 2018 378 2055; x_wconf 88' lang='lat' dir='ltr'>equos</span> <span class='ocrx_word' id='word_1_235' title='bbox 409 2011 447 2042; x_wconf 89' lang='lat' dir='ltr'>et</span> <span class='ocrx_word' id='word_1_236' title='bbox 477 2011 604 2042; x_wconf 89' lang='lat' dir='ltr'>cetera</span> <span class='ocrx_word' id='word_1_237' title='bbox 634 2007 888 2043; x_wconf 87' lang='lat' dir='ltr'>instrumenta</span> <span class='ocrx_word' id='word_1_238' title='bbox 917 2006 1069 2044; x_wconf 84' lang='lat' dir='ltr'>militiae</span> <span class='ocrx_word' id='word_1_239' title='bbox 1096 2018 1240 2055; x_wconf 79' lang='lat' dir='ltr'>parare,</span> <span class='ocrx_word' id='word_1_240' title='bbox 1268 2005 1316 2042; x_wconf 81' lang='lat' dir='ltr'>ad</span> <span class='ocrx_word' id='word_1_241' title='bbox 1345 2005 1416 2042; x_wconf 87' lang='lat' dir='ltr'>hoc</span> 
     </span>
     <span class='ocr_line' id='line_1_32' title="bbox 144 2067 1416 2119; baseline -0.002 -13"><span class='ocrx_word' id='word_1_242' title='bbox 144 2074 395 2106; x_wconf 85' lang='lat' dir='ltr'>commeatum</span> <span class='ocrx_word' id='word_1_243' title='bbox 415 2069 572 2117; x_wconf 80' lang='lat' dir='ltr'>affatim,</span> <span class='ocrx_word' id='word_1_244' title='bbox 592 2069 755 2119; x_wconf 91' lang='lat' dir='ltr'>denique</span> <span class='ocrx_word' id='word_1_245' title='bbox 783 2069 919 2118; x_wconf 85' lang='lat' dir='ltr'>omnia,</span> <span class='ocrx_word' id='word_1_246' title='bbox 937 2082 1022 2119; x_wconf 86' lang='lat' dir='ltr'>quae</span> <span class='ocrx_word' id='word_1_247' title='bbox 1047 2069 1086 2105; x_wconf 89' lang='lat' dir='ltr'>in</span> <span class='ocrx_word' id='word_1_248' title='bbox 1115 2068 1215 2106; x_wconf 90' lang='lat' dir='ltr'>bello</span> <span class='ocrx_word' id='word_1_249' title='bbox 1244 2067 1349 2105; x_wconf 79' lang='lat' dir='ltr'>vario</span> <span class='ocrx_word' id='word_1_250' title='bbox 1377 2072 1416 2104; x_wconf 89' lang='lat' dir='ltr'>et</span> 
     </span>
     <span class='ocr_line' id='line_1_33' title="bbox 143 2131 1416 2181; baseline -0.002 -11"><span class='ocrx_word' id='word_1_251' title='bbox 143 2133 351 2170; x_wconf 87' lang='lat' dir='ltr'>multarum</span> <span class='ocrx_word' id='word_1_252' title='bbox 371 2145 497 2169; x_wconf 91' lang='lat' dir='ltr'>rerum</span> <span class='ocrx_word' id='word_1_253' title='bbox 518 2133 645 2181; x_wconf 87' lang='lat' dir='ltr'>egenti</span> <span class='ocrx_word' id='word_1_254' title='bbox 663 2133 750 2170; x_wconf 85' lang='lat' dir='ltr'>usui</span> <span class='ocrx_word' id='word_1_255' title='bbox 770 2146 851 2170; x_wconf 86' lang='lat' dir='ltr'>esse</span> <span class='ocrx_word' id='word_1_256' title='bbox 871 2133 1004 2170; x_wconf 88' lang='lat' dir='ltr'>solent.</span> <span class='ocrx_word' id='word_1_257' title='bbox 1062 2131 1240 2170; x_wconf 82' lang='lat' dir='ltr'>Ceterum</span> <span class='ocrx_word' id='word_1_258' title='bbox 1269 2131 1343 2168; x_wconf 84' lang='lat' dir='ltr'>⁴ad</span> <span class='ocrx_word' id='word_1_259' title='bbox 1371 2144 1416 2168; x_wconf 83' lang='lat' dir='ltr'>ea</span> 
     </span>
     <span class='ocr_line' id='line_1_34' title="bbox 142 2193 1416 2244; baseline -0.001 -13"><span class='ocrx_word' id='word_1_260' title='bbox 142 2195 339 2244; x_wconf 86' lang='lat' dir='ltr'>patranda,</span> <span class='ocrx_word' id='word_1_261' title='bbox 359 2199 513 2232; x_wconf 86' lang='lat' dir='ltr'>senatus</span> <span class='ocrx_word' id='word_1_262' title='bbox 542 2195 771 2232; x_wconf 83' lang='lat' dir='ltr'>auctoritate</span> <span class='ocrx_word' id='word_1_263' title='bbox 802 2195 894 2232; x_wconf 88' lang='lat' dir='ltr'>socii</span> <span class='ocrx_word' id='word_1_264' title='bbox 923 2206 1133 2244; x_wconf 80' lang='lat' dir='ltr'>nomenque</span> <span class='ocrx_word' id='word_1_265' title='bbox 1163 2193 1357 2243; x_wconf 84' lang='lat' dir='ltr'>Latinum,</span> <span class='ocrx_word' id='word_1_266' title='bbox 1376 2199 1416 2231; x_wconf 88' lang='lat' dir='ltr'>et</span> 
     </span>
     <span class='ocr_line' id='line_1_35' title="bbox 142 2255 1414 2306; baseline 0.001 -14"><span class='ocrx_word' id='word_1_267' title='bbox 142 2269 250 2306; x_wconf 88' lang='lat' dir='ltr'>reges</span> <span class='ocrx_word' id='word_1_268' title='bbox 269 2256 371 2294; x_wconf 91' lang='lat' dir='ltr'>ultro</span> <span class='ocrx_word' id='word_1_269' title='bbox 391 2256 534 2293; x_wconf 84' lang='lat' dir='ltr'>auxilia</span> <span class='ocrx_word' id='word_1_270' title='bbox 553 2257 753 2305; x_wconf 84' lang='lat' dir='ltr'>mittendo,</span> <span class='ocrx_word' id='word_1_271' title='bbox 767 2261 958 2306; x_wconf 86' lang='lat' dir='ltr'>postremo</span> <span class='ocrx_word' id='word_1_272' title='bbox 973 2256 1094 2293; x_wconf 89' lang='lat' dir='ltr'>omnis</span> <span class='ocrx_word' id='word_1_273' title='bbox 1113 2255 1249 2293; x_wconf 83' lang='lat' dir='ltr'>civitas</span> <span class='ocrx_word' id='word_1_274' title='bbox 1268 2268 1414 2293; x_wconf 85' lang='lat' dir='ltr'>summo</span> 
     </span>
     <span class='ocr_line' id='line_1_36' title="bbox 143 2317 1414 2368; baseline -0.001 -11"><span class='ocrx_word' id='word_1_275' title='bbox 143 2320 270 2357; x_wconf 87' lang='lat' dir='ltr'>studio</span> <span class='ocrx_word' id='word_1_276' title='bbox 301 2319 554 2358; x_wconf 77' lang='lat' dir='ltr'>adnitebatur.</span> <span class='ocrx_word' id='word_1_277' title='bbox 623 2319 772 2368; x_wconf 86' lang='lat' dir='ltr'>Itaque,</span> <span class='ocrx_word' id='word_1_278' title='bbox 792 2332 839 2357; x_wconf 86' lang='lat' dir='ltr'>ex</span> <span class='ocrx_word' id='word_1_279' title='bbox 869 2318 1058 2356; x_wconf 83' lang='lat' dir='ltr'>sententia</span> <span class='ocrx_word' id='word_1_280' title='bbox 1088 2318 1262 2355; x_wconf 88' lang='lat' dir='ltr'>omnibus</span> <span class='ocrx_word' id='word_1_281' title='bbox 1300 2317 1414 2356; x_wconf 82' lang='lat' dir='ltr'>rebus</span> 
     </span>
    </p>
   </div>
  </div>
 </body>
</html>
