1630 2626
249 181 300 218 62
595 195 637 219 c.
688 194 866 220 CRISPI
913 195 1193 220 SALLUSTH

249 282 373 320 animo
418 283 570 333 habere,
607 283 745 334 quibus
792 284 994 334 Hiempsal
1039 298 1106 334 per
1142 285 1271 323 dolum
1315 290 1523 336 caperetur.

249 345 261 363 ⁹
279 345 372 390 Quae
400 346 467 383 ubi
500 346 648 383 tardius
680 347 901 396 procedunt,
920 360 1042 397 neque
1062 347 1205 385 lenitur
1232 347 1380 386 animus
1407 348 1526 399 ferox,

210 442 212 444 .
248 409 385 444 statuit
404 409 538 458 quovis
558 409 670 446 modo
690 409 881 458 inceptum
901 411 1088 459 perficere.

326 471 423 508 XII.
456 472 588 508 Primo
622 477 820 520 conventu,
849 485 963 522 quem
988 473 1036 510 ab
1067 473 1209 522 regulis
1238 473 1384 510 factum
1412 486 1526 524 supra·

246 534 464 582 memoravi,
479 535 487 551 ¹
502 539 656 584 propter
672 534 946 571 dissensionem
966 534 1161 583 placuerat
1176 534 1297 573 dividi
1315 535 1525 585 thesauros,

219 640 223 643 Ι
246 596 414 646 finesque
452 597 602 646 imperii
640 597 802 646 singulis
838 597 1030 634 constitui.
1102 597 1241 648 Itaque
1282 602 1435 647 tempus
1475 597 1524 635 ad

245 662 447 708 utramque
467 671 545 695 rem
568 659 796 708 decernitur,
816 659 882 695 sed
902 659 1088 696 maturius
1108 658 1155 695 ad
1174 658 1372 708 pecuniam
1401 658 1525 696 distri-

246 719 446 757 buendam.
515 721 658 771 Reguli
691 722 838 758 interea
871 722 910 758 in
941 722 1024 759 loca
1041 723 1064 753 -Ξ
1078 722 1288 772 propinqua
1323 721 1525 771 thesauris,

246 782 344 820 alius
364 783 449 831 alio,
470 796 696 821 concessere.
755 784 831 822 Sed
852 784 1055 834 Hiempsal
1079 785 1090 802 ³
1104 785 1143 820 in
1163 784 1298 834 oppido
1324 783 1524 821 Thirmida

245 845 345 882 forte
375 847 458 894 ejus
490 846 600 883 domo
634 847 825 895 utebatur,
845 847 910 896 qui
943 847 1139 895 proximus
1171 846 1283 884 lictor
1316 845 1346 883 J
1347 844 1524 895 ugurthae

246 919 356 944 carus
375 914 626 959 acceptusque
647 908 681 945 ei
708 922 854 958 semper
873 909 1000 946 fuerat
1016 922 1022 945 :
1045 909 1055 926 ⁴
1069 921 1181 959 quem
1201 908 1267 945 ille
1288 921 1378 944 casu
1395 907 1523 944 minis—

245 974 348 1007 trum
379 971 551 1008 oblatum
581 972 778 1021 promissis
809 977 952 1020 onerat,
971 971 1223 1021 impellitque,
1242 970 1300 1007 uti
1329 974 1523 1020 tamquam

246 1045 353 1070 suam
368 1034 494 1071 visens
510 1034 664 1071 domum
685 1040 758 1083 eat,
777 1039 973 1083 portarum
993 1034 1118 1071 claves
1144 1033 1379 1070 adulterina·
1406 1035 1525 1082 paret,

244 1108 332 1132 nam
352 1109 452 1134 verae
482 1097 530 1133 ad
552 1097 815 1146 Hiempsalem
836 1097 1099 1134 referebantur
1116 1109 1123 1145 3
1159 1100 1338 1144 ceterum,
1357 1094 1446 1133 ‘ubi
1464 1107 1524 1132 res

244 1159 468 1209 postularet,
488 1173 527 1197 se
548 1160 670 1210 ipsum
692 1173 777 1197 cum
793 1173 931 1209 magna
950 1173 1064 1196 manu
1082 1161 1307 1198 venturum!
1353 1157 1524 1195 Numida

244 1223 425 1260 mandata
444 1223 551 1261 brevi
567 1224 724 1273 conficit,
733 1229 858 1273 atque,
869 1229 914 1260 ut
929 1223 1062 1260 doctus
1078 1227 1171 1270 erat,
1183 1226 1300 1259 noctu
1315 1221 1344 1258 J
1346 1220 1524 1271 ugurthae

243 1283 388 1321 milites
421 1285 640 1322 introducit.
698 1286 710 1303 ⁵
725 1285 800 1330 Qui
829 1290 1031 1335 postquam
1063 1285 1102 1321 in
1135 1284 1237 1322 aedes
1269 1283 1450 1333 irrupere,
1470 1283 1524 1320 di·

243 1347 344 1384 versi
378 1359 506 1396 regem
542 1360 722 1398 quaerere,
754 1348 985 1393 dormientes
1015 1347 1120 1395 alios,
1154 1347 1249 1383 alios
1282 1349 1523 1383 occursantes

244 1410 469 1460 interficere,
500 1411 662 1448 scrutari
692 1411 775 1448 loca
805 1411 947 1459 abdita,
967 1411 1096 1447 clausa
1122 1410 1334 1459 effringere,
1359 1409 1524 1459 strepitu

244 1478 284 1510 et
303 1473 473 1510 tumultu
492 1473 619 1510 omnia
638 1473 797 1510 miscere
815 1486 821 1522 3
852 1486 968 1523 quum
989 1473 1143 1510 interim
1164 1471 1366 1521 Hiempsal
1385 1471 1523 1520 reperi-

244 1541 319 1585 tur,
339 1537 535 1574 occultans
554 1550 636 1575 sese
656 1538 810 1587 tugurio
838 1537 1010 1575 mulieris
1037 1537 1198 1585 ancillae,
1218 1549 1292 1586 quo
1321 1535 1434 1573 initio
1462 1548 1523 1584 pa-

244 1600 355 1638 vidus
375 1605 414 1637 et
433 1600 588 1649 ignarus
615 1600 690 1637 loci
717 1601 945 1649 perfugerat.
1003 1599 1184 1636 Numidae
1211 1597 1326 1648 caput
1353 1599 1447 1648 ejus,
1464 1597 1524 1635 uti

245 1662 339 1707 iussi
359 1667 479 1711 erant,
499 1663 547 1699 ad
568 1662 597 1700 J
599 1662 804 1711 ugurtham
824 1663 1004 1700 referunt.

322 1724 446 1762 XIII.
480 1724 659 1763 Ceterum
679 1725 780 1762 fama
795 1725 894 1762 tanti
910 1724 1090 1762 facinoris
1105 1737 1171 1774 per
1187 1736 1336 1761 omnem
1349 1722 1523 1760 Africam

244 1787 350 1825 brevi
371 1787 616 1836 divulgatur:
647 1788 910 1825 Adherbalem
939 1800 1154 1838 omnesque,
1173 1787 1239 1838 qui
1267 1786 1338 1825 sub
1366 1785 1523 1836 imperio

245 1851 419 1900 Micipsae
438 1852 602 1900 fuerant,
621 1856 747 1889 metus
765 1851 914 1889 invadit
931 1865 937 1888 :
970 1853 977 1869 ¹
993 1852 1032 1888 in
1053 1852 1146 1889 duas
1166 1856 1294 1901 partes
1322 1849 1523 1888 discedunt

245 1914 447 1952 Numidae:
477 1914 607 1964 plures
627 1915 888 1952 Adherbalem
908 1920 1130 1966 sequuntur,
1145 1915 1212 1952 sed
1231 1914 1340 1952 illum
1359 1913 1522 1951 alterum

243 1978 344 2016 bello
381 1977 567 2015 meliores.
639 1978 767 2027 Igitur
801 1978 829 2015 J
831 1979 998 2027 ugurtha
1030 1991 1145 2029 quam
1177 1977 1364 2015 maximas
1394 1980 1522 2026 potest

244 2041 371 2091 copias
390 2046 525 2088 armat,
544 2041 658 2079 urbes
677 2042 688 2058 ²
701 2042 843 2091 partim
862 2042 912 2090 vi,
931 2042 1026 2079 alias
1043 2041 1240 2079 voluntate
1267 2038 1426 2088 imperio
1453 2050 1520 2076 suo

245 2105 432 2154 adjungit,
445 2104 547 2142 omni
567 2104 603 2140 N
607 2104 763 2142 umidiae
782 2105 967 2154 imperare
981 2109 1098 2154 parat.
1140 2101 1351 2149 Adherbal,
1366 2100 1522 2138 tametsi

246 2168 408 2206 Romam
437 2167 584 2218 legatos
614 2167 782 2216 miserat,
810 2168 900 2218 ”qui
931 2172 1104 2206 senatum
1135 2166 1315 2203 docerent
1343 2164 1391 2201 de
1417 2163 1520 2202 caede

245 2231 378 2269 fratris
397 2237 436 2269 et
465 2231 629 2269 fortunis
649 2231 738 2278 suis,
758 2235 886 2267 tamen
913 2231 1037 2268 fretus
1064 2227 1313 2266 multitudine
1340 2226 1520 2275 militum,

246 2295 405 2345 parabat
425 2295 540 2332 armis
560 2293 797 2331 contendere.
857 2293 932 2331 Sed
951 2293 1018 2331 ubi
1037 2304 1097 2330 res
1115 2291 1163 2328 ad
1183 2295 1376 2328 certamen
1403 2289 1520 2339 venit,

246 2359 369 2397 vietus
389 2372 436 2397 ex
454 2358 586 2410 proelio
605 2357 774 2408 profugit
794 2358 806 2374 ⁴
819 2357 858 2394 in
877 2356 1122 2407 provinciam,
1137 2367 1180 2393 ac
1200 2353 1336 2392 deinde
1356 2353 1519 2392 Romam
