1566 2586
667 201 979 231 suoun'rnA.
1249 177 1286 197 ”
1415 191 1484 230 101

165 312 328 353 'Novus
355 325 469 351 nemo
499 315 582 349 tam
613 309 753 362 clarus,
771 323 898 362 neque
928 314 1009 348 tam
1037 308 1205 360 egregiis
1243 307 1360 346 factis
1390 312 1486 359 erat,

158 377 259 433 *quin
278 377 312 415 is
331 376 516 428 indignus
536 375 606 414 illo
626 375 771 413 honore
792 380 832 412 ct
851 374 964 426 quasi
983 373 1159 424 pollutus
1181 372 1402 410 haberetur.

243 441 398 480 LXIV.
431 440 564 491 Igitur
597 440 666 479 ubi
702 440 854 478 Marius
888 437 1108 489 haruspicis
1139 437 1246 474 dicta
1266 436 1402 474 eodem
1427 435 1482 473 in-

161 507 324 546 tendere
357 506 479 556 videt,
511 519 588 558 quo
624 505 764 556 cupido
799 504 920 542 animi
951 503 1194 553 hortabatur,
1229 502 1277 540 ab
1315 501 1482 540 Metello

162 572 349 624 ²petundi
378 571 507 622 gratia
536 570 763 609 missionem
792 575 914 620 rogat.
976 567 1050 608 Cui
1079 581 1316 620 quamquam
1346 567 1484 617 virtus,

159 637 287 689 gloria
314 642 432 689 atque
467 636 547 674 alia
580 636 751 687 optanda
776 635 890 674 bonis
924 634 1174 685 superabant,
1195 638 1327 671 tamen
1354 633 1484 670 inerat

160 704 432 754 ’contemptor
453 703 607 740 animus
628 706 668 740 et
699 701 894 752 superbia,
915 713 1119 739 commune
1154 685 1376 738 nobilitatis
1405 712 1483 736 ma-

160 767 252 806 lum.
312 767 454 818 Itaque
490 766 671 817 primum,
701 766 944 803 ²commotus
974 764 1135 802 insolita
1165 777 1219 814 re,
1240 763 1374 801 mirari
1395 764 1482 814 ejus

158 831 379 882 consilium,
399 836 440 869 et
473 831 586 883 quasi
615 843 684 881 per
715 829 930 868 amicitiam
959 842 1129 879 monere,
1159 831 1228 865 ‘ne
1250 833 1333 865 tam
1362 841 1483 878 prava

159 897 365 948 inciperet,
383 909 462 934 neu
493 909 608 947 super
628 895 826 934 fortunam
847 895 1021 932 animum
1043 899 1218 944 gereret:
1250 906 1328 931 non
1349 892 1482 930 omnia

158 961 340 1000 omnibus
359 960 556 1011 cupiunda
576 973 685 1009 esse;
718 959 860 998 debere
891 959 952 996 illi
981 971 1043 997 res
1064 971 1156 996 suas
1176 957 1273 996 satis
1302 957 1478 1008 placere:

157 1031 355 1077 postremo
375 1030 530 1064 caveret
550 1024 591 1062 id
612 1030 745 1075 petere
765 1037 787 1061 a
803 1023 944 1074 populo
966 1023 1158 1071 Romano,
1178 1021 1282 1073 quod
1303 1021 1364 1058 illi
1391 1022 1480 1071 jure

158 1091 392 1140 negaretur)
462 1088 679 1139 Postquam
709 1087 791 1124 haec
825 1092 942 1138 atque
975 1086 1054 1123 alia
1086 1085 1183 1123 talia
1214 1084 1329 1134 dixit,
1349 1097 1478 1136 neque

157 1154 311 1192 animus
343 1153 464 1191 Marii
497 1152 679 1201 flectitur,
714 1151 927 1202 respondit,
957 1150 1050 1188 ‘ubi
1081 1150 1250 1200 primum
1285 1149 1481 1200 potuisset

157 1219 251 1270 ‘per
270 1218 428 1268 negotia
454 1217 622 1268 publica,
642 1216 839 1254 facturum
861 1228 956 1265 sese,
976 1228 1063 1266 quae
1083 1216 1257 1265 peteret.'
1317 1214 1377 1251 Ac
1397 1226 1480 1264 pos-

155 1289 221 1322 tea
241 1283 382 1334 saepius
411 1282 549 1320 eadem
569 1279 787 1332 postulanti
818 1280 944 1318 fertur
978 1279 1137 1328 dixisse,
1166 1281 1239 1316 ‘ne
1271 1278 1481 1316 festinaret

155 1347 287 1396 abire3
319 1346 417 1386 satis
446 1351 599 1384 mature
632 1345 745 1382 illum
767 1345 778 1362 ⁵
795 1358 883 1382 cum
912 1344 992 1382 filio
1014 1357 1083 1382 suo
1105 1343 1351 1382 consulatum
1383 1342 1480 1394 peti-

154 1414 314 1452 turum.'
371 1412 414 1450 Is
434 1425 479 1450 eo
500 1417 674 1462 tempore
704 1412 716 1429 ⁶
732 1410 988 1449 contubernio
1009 1410 1134 1461 patris
1166 1409 1312 1448 ibidem
1334 1409 1479 1447 milita-

154 1477 235 1528 bat,
255 1490 376 1515 annos
408 1481 525 1514 natus
559 1476 715 1514 circiter
743 1474 910 1525 viginti:
941 1487 1029 1526 quae
1059 1487 1120 1512 res
1156 1473 1326 1511 Marium
1356 1487 1477 1525 quum

153 1555 223 1593 pro
250 1541 406 1590 honore,
439 1553 555 1592 quem
590 1539 811 1588 affectabat,
832 1544 915 1576 tum
951 1544 1087 1576 contra
1123 1538 1331 1576 Metellum
1365 1537 1477 1575 vehe-

154 1609 307 1642 menter
327 1603 570 1641 accenderat.
630 1602 697 1640 Ita
728 1602 911 1652 cupidine
939 1607 1057 1652 atque
1092 1601 1162 1651 ira,
1181 1601 1362 1652 pessimis
1391 1614 1477 1638 con-

155 1667 382 1715 sultoribuS,
402 1667 413 1684 ⁷
427 1667 609 1716 grassari,
624 1678 750 1716 neque
771 1665 875 1702 facto
896 1665 978 1702 ullo
993 1678 1119 1716 neque
1141 1665 1245 1702 dicto
1266 1665 1476 1715 abstinere,

154 1731 259 1784 quod
292 1730 408 1768 modo
438 1729 689 1767 ambitiosum
721 1729 843 1767 foret:
874 1729 1033 1779 milites,
1053 1729 1197 1780 quibus
1229 1729 1268 1766 in
1301 1729 1476 1768 hibernis

153 1801 332 1848 praeerat,
353 1794 500 1832 laxiore
534 1793 698 1844 imperio
719 1807 835 1846 quam
857 1799 973 1832 antea
1004 1793 1146 1832 habere
1164 1807 1170 1831 :
1202 1794 1305 1844 apud
1326 1794 1475 1844 negoti-

154 1866 295 1911 atores,
325 1874 491 1913 quorum
532 1872 673 1910 magna
711 1859 926 1897 multitudo
961 1859 1091 1898 Uticae
1125 1865 1222 1910 erat,
1253 1860 1473 1910 criminose,

154 1925 273 1966 simul
293 1931 333 1964 et
353 1925 555 1976 magnifice
587 1924 635 1962 de
661 1923 765 1963 bello
794 1923 923 1975 loqui:
956 1924 1144 1962 ‘dimidia
1164 1938 1253 1975 pars
1274 1924 1472 1962 exercitus

154 1991 188 2030 si
217 1990 295 2029 sibi
328 1990 636 2041 permitteretur,
655 1989 790 2039 paucis
811 1989 950 2027 diebus
975 1989 1220 2040 ‚Iugurtham
1251 1990 1290 2027 in
1323 1989 1472 2028 eatenis

153 2055 401 2094 habiturum:
426 2054 474 2092 ab
495 2053 729 2103 imperatore
750 2053 927 2091 consulto
948 2053 1064 2104 trahi,
1084 2054 1188 2106 quod
1209 2054 1323 2092 homo
1344 2053 1473 2091 inanis

153 2125 194 2158 et
226 2119 344 2170 regiae
376 2117 570 2169 superbiae
599 2116 764 2167 imperio
792 2117 910 2156 nimis
939 2118 1155 2168 gauderet!
1212 2117 1310 2164 Quae
1341 2117 1473 2155 omnia

153 2183 234 2220 illis
264 2195 308 2220 eo
352 2182 548 2220 “firmiora
577 2180 825 2231 videbantur,
855 2182 959 2232 quod
990 2182 1254 2220 diuturnitate
1283 2181 1379 2220 belli
1409 2194 1472 2219 res

153 2246 368 2285 familiares
396 2250 661 2296 corruperant,
682 2249 722 2282 et
750 2245 878 2283 animo
907 2246 1081 2297 cupienti
1109 2246 1210 2284 nihil
1239 2245 1336 2283 satis
1365 2245 1471 2282 festi-

153 2315 279 2348 natur.

235 2373 365 2412 LXV.
398 2374 498 2412 Erat
528 2378 718 2424 praeterea
750 2372 791 2410 in
811 2374 988 2412 exercitu
1018 2380 1152 2412 nostro
1184 2372 1360 2412 Numida
1388 2374 1469 2424 qui-

155 2438 257 2489 dam,
276 2437 432 2476 nominc
454 2437 606 2488 Gauda,
627 2437 915 2477 Manastabalis
945 2438 1062 2489 filius,
1084 2437 1306 2476 Masinissae
1338 2450 1470 2490 nepos,
