1630 2612
220 176 270 214 30
569 189 611 214 c.
662 187 841 214 CRISPI
888 187 1171 213 SALLusrn

219 289 453 339 praesidium,
490 290 592 340 quod
629 289 814 339 iniquitas
856 289 1032 338 praetoris
1078 289 1231 338 eripuit,
1266 288 1504 340 restituatis;

222 365 315 390 neve
348 352 458 389 nobis
492 365 575 389 eam
609 352 930 388 necessitudinem
964 351 1181 400 imponatis,
1206 355 1251 387 ut
1281 360 1508 401 quaeramus,

221 427 383 464 quonam
405 414 528 462 modo,
547 414 714 450 maxime
734 414 808 450 ulti
829 413 1050 462 sanguinem
1071 418 1258 460 nostrum,
1270 414 1506 462 pereamus.”

301 477 499 514 XXXIV.
532 477 597 514 Ad
618 477 697 514 haec
719 475 761 521 Q.
786 476 955 513 Marcius
975 476 1195 525 respondit:
1225 477 1258 496 ‘¹
1277 475 1319 514 Si
1337 475 1431 526 quid
1458 475 1507 514 ab

222 546 357 578 senatu
377 546 507 590 petere
526 540 682 589 vellent,
703 540 750 577 ab
771 540 887 576 armis
908 540 1118 587 discedant,
1140 539 1303 576 Romam
1319 538 1508 589 supplices

221 603 510 653 proficiscantur
527 617 532 639 ;
556 617 600 640 ea
613 603 906 640 mansuetudine
919 607 1034 652 atque
1050 602 1312 639 misericordia
1331 607 1508 639 senatum

221 667 480 716 populumque
502 667 719 704 Romanum
741 679 889 716 semper
910 666 1040 715 fuisse,
1059 671 1104 702 ut
1123 679 1235 703 nemo
1249 671 1430 716 ‘unquam
1460 665 1508 703 ab

223 741 267 766 eo
299 728 443 765 frustra
476 728 664 765 auxilium
698 728 901 777 petiverit.²
968 729 1025 765 At
1059 727 1230 766 Catilina
1262 728 1338 765 ²ex
1370 727 1509 765 itinere

221 791 414 841 plerisque
452 791 726 839 consularibus,
763 796 949 840 praeterea
990 791 1134 839 optimo
1173 791 1320 841 cuique,
1357 790 1510 827 litteras

223 856 371 893 mittit:
401 856 473 894 ‘Se
494 857 505 873 ³
519 855 627 892 falsis
647 855 873 892 criminibus
894 855 1208 903 circumventum,
1228 840 1508 905 quoniamffac·

223 919 321 956 tioni
341 920 583 956 inimicorum
604 919 783 956 resistere
803 919 1031 969 nequiverit,
1051 919 1215 956 fortunae
1243 918 1389 966 cedere,
1411 917 1510 960 Mas-

225 983 350 1021 siliam
385 983 423 1020 in
454 983 633 1020 exsilium
664 982 873 1032 proficisci:
914 995 989 1018 non
1019 995 1094 1031 quo
1121 981 1195 1019 sibi
1227 980 1327 1018 tanti
1356 981 1511 1018 sceleris

225 1047 398 1084 conscius
418 1052 530 1094 esset,
550 1046 615 1082 sed
636 1046 695 1082 uti
715 1059 775 1082 res
795 1045 949 1094 publica
973 1045 1106 1094 quieta
1125 1045 1235 1092 foret,
1254 1056 1348 1082 neve
1368 1057 1416 1081 ex
1444 1056 1512 1081 sua

225 1109 468 1146 contentione
485 1109 623 1146 seditio
638 1109 826 1145 oriretur.'
865 1108 876 1124 ⁴
892 1107 956 1144 Ab
969 1107 1028 1143 his
1048 1107 1159 1155 longe
1176 1106 1345 1144 diversas
1359 1106 1512 1143 litteras

226 1171 270 1216 Q.
296 1171 458 1210 Catulus
484 1171 523 1208 in
554 1176 689 1208 senatu
719 1170 909 1218 recitavit,
929 1183 1023 1220 quas
1054 1170 1127 1207 sibi
1157 1170 1310 1206 nomine
1332 1168 1512 1207 Catil-inae

225 1235 398 1272 redditas
419 1235 591 1272 dicebat:
623 1247 752 1270 earum
774 1233 991 1282 exemplum
1011 1233 1111 1268 infra
1131 1232 1315 1281 scriptum
1336 1235 1403 1268 est.

304 1297 479 1334 XXXV.
510 1298 553 1317 “¹
570 1297 612 1333 L.
638 1295 806 1334 Catilina
827 1295 870 1340 Q.
895 1295 1044 1341 Catulo,
1067 1294 1102 1332 S.
1127 1294 1295 1344 Egregia
1324 1299 1390 1331 tua
1409 1294 1513 1344 fides,

226 1373 267 1398 re
288 1360 451 1409 cognita,
471 1365 619 1409 gratam
641 1359 679 1395 in
699 1359 848 1408 magnis
876 1358 971 1394 meis
999 1357 1181 1406 periculis
1209 1358 1386 1394 fiduciam
1417 1369 1514 1394 com-

226 1423 462 1460 mendationi
500 1435 595 1459 meae
633 1422 781 1458 tribuit.
853 1420 1108 1465 Quamobrem
1148 1420 1159 1437 ²
1175 1420 1434 1456 defensionem
1473 1419 1513 1456 in

226 1499 324 1523 novo
358 1486 515 1523 consilio
548 1498 623 1522 non
654 1485 773 1522 statui
806 1497 961 1534 parare:
1003 1483 1302 1520 satisfactionem
1331 1495 1379 1520 ex
1406 1482 1514 1519 nulla

228 1548 461 1586 conscientia
498 1548 544 1584 de
579 1548 690 1596 culpa
722 1560 931 1596 proponere
966 1547 1139 1583 decrevi:
1180 1546 1317 1596 ³quam
1352 1545 1515 1582 medius-

227 1611 342 1648 fidius
361 1624 488 1649 veram
510 1611 601 1647 licet
622 1623 836 1659 cognoscas.
897 1609 1056 1657 Injuriis
1085 1608 1402 1658 contumeliisque
1430 1619 1515 1644 con-

194 1694 199 1705 ‹
228 1673 382 1722 citatus,
412 1674 526 1724 quod,
555 1674 685 1710 fructu
716 1673 858 1709 laboris
890 1663 1164 1721 industriaeque
1198 1683 1294 1708 meae
1331 1669 1515 1720 privatus,

229 1736 400 1773 *statum
437 1735 640 1784 dignitatis
675 1748 752 1771 non
790 1735 1022 1782 obtinebam,
1060 1734 1253 1782 publicam
1290 1733 1515 1770 miserorum

230 1810 383 1836 causam
403 1811 469 1847 pro
490 1811 574 1834 mea
593 1797 868 1834 consuetudine
890 1797 1057 1845 suscepi:
1080 1810 1154 1833 non
1169 1797 1260 1846 quin
1275 1809 1327 1834 ses
1347 1795 1514 1833 alienum

193 1902 198 1908 ,
229 1861 327 1899 meis
346 1861 565 1898 nominibus
586 1874 632 1898 ex
653 1861 955 1910 possessionibus
976 1860 1122 1897 solvere
1150 1873 1310 1909 possem,
1329 1873 1446 1910 quum
1475 1863 1516 1896 et

230 1924 367 1963 alienis
386 1925 604 1962 nominibus
633 1924 847 1961 liberalitas
871 1923 1068 1962 Orestillae
1097 1924 1176 1960 suis
1204 1923 1368 1974 filiaeque
1397 1923 1516 1972 copiis

230 1988 464 2038 persolveret
481 2001 487 2036 ς
511 1988 577 2024 sed
597 1987 698 2037 quod
720 1988 819 2024 r'non
840 1987 975 2036 dignos
995 1986 1168 2023 homines
1188 1985 1329 2038 houm
1343 1983 1517 2022 honesta-

232 2056 293 2088 tos
311 2051 499 2100 videbam,
516 2063 651 2100 meque
679 2051 776 2087 falsa
805 2050 1018 2100 suspicione
1047 2049 1258 2086 alienatum
1278 2055 1360 2085 esse
1381 2047 1517 2085 sentie-

232 2115 332 2153 bam.
402 2114 515 2151 ⁶Hoc
553 2114 705 2150 nomine
744 2114 837 2150 satis
870 2113 1049 2150 honestas
1089 2125 1157 2162 pro
1194 2123 1277 2149 meo
1309 2123 1399 2147 casu
1432 2122 1517 2160 spes

233 2178 393 2227 reliquae
413 2177 614 2227 dignitatis
634 2170 907 2213 conservandae
922 2190 1004 2213 sum
1032 2180 1193 2213 secutus.
1222 2159 1371 2212 “Plura
1399 2186 1517 2224 quum

235 2241 400 2278 scribere
434 2241 584 2287 vellem,
613 2241 831 2277 nuntiatum
865 2246 923 2276 est
954 2240 1054 2276 ⁷vim
1086 2238 1181 2276 mihi
1210 2237 1347 2287 parari.
1405 2236 1518 2274 Nunc

238 2303 463 2341 Orestillam
485 2303 717 2353 commendo,
738 2309 888 2352 tuaeque
909 2304 996 2340 fidei
1018 2302 1126 2339 trado
1143 2315 1150 2338 τ
1181 2301 1193 2318 ⁸
1206 2314 1289 2338 eam
1309 2301 1356 2339 ab
1377 2299 1519 2350 injuria

236 2366 430 2415 defendas,
449 2379 516 2416 per
535 2367 675 2404 liberos
695 2370 780 2403 tuos
799 2371 964 2414 rogatus.
1025 2365 1209 2403 Havet0.”
