1566 2586
624 192 930 219 JUGURTHA.
1362 183 1433 219 119

124 294 239 347 oepit,
256 297 406 346 majora
425 300 465 334 et
491 295 616 346 magis
645 309 781 347 aspera
811 295 998 346 ²'aggredi
1031 301 1185 346 tempus
1215 295 1339 334 visum
1362 301 1430 333 est.

125 359 229 398 Erat·
257 360 360 398 inter
392 352 571 410 ingentes
605 361 836 398 solitudines
871 360 1054 411 oppidum
1093 374 1276 410 magnum
1315 366 1432 411 atque

122 423 267 474 valens,
286 424 441 462 nomine
462 425 474 442 ⁴
490 423 627 475 Capsa,
647 426 758 474 cujus
778 425 956 462 eonditor
979 424 1172 462 Hercules
1203 424 1327 475 Libys
1356 438 1431 461 me-

122 487 356 526 morabatur.
430 488 530 538 Ejus
559 489 662 526 cives
691 488 791 539 apud
822 489 1065 538 Jugurtham
1098 489 1324 538 *immunes
1354 488 1432 526 levi

122 551 298 602 imperio,
318 557 358 589 et
378 552 427 591 ob
447 566 492 590 ea
510 553 729 590 fidelissimi
748 553 994 591 habebantur
1012 567 1018 602 3
1050 553 1193 590 muniti
1222 553 1429 590 adversum

122 614 253 654 hostes
273 629 348 654 non
367 617 558 655 moenibus
578 617 692 655 modo
712 623 751 654 et
771 617 889 654 armis
910 622 1026 668 atque
1042 618 1148 666 viris,
1161 630 1294 655 verum
1311 618 1430 655 etiam

121 679 247 718 multo
279 680 405 731 magis
437 680 610 719 locorum
636 682 864 734 asperitate.
936 682 1078 731 “Nam,
1111 687 1254 732 praeter
1288 682 1431 732 oppido

121 743 346 796 propinqua,
366 744 445 782 alia
471 745 601 783 omnia
619 751 741 795 vasta,
772 746 930 795 inculta,
952 746 1107 796 egentia
1138 759 1258 797 aquae,
1288 746 1431 784 infesta

122 808 379 858 serpentibus,
397 820 561 860 quorum
582 809 652 859 vis,
673 810 789 846 sicuti
810 810 981 847 omnium
1002 810 1185 859 ferarum,
1202 810 1332 859 inopia
1353 810 1430 848 cibi

55 892 57 894 ·
120 872 269 922 acrior;
300 872 349 910 ad
370 872 442 910 hoc
460 878 602 911 natura
627 874 877 924 serpentium,
898 874 981 924 ipsa
1009 873 1236 924 perniciosa,
1257 874 1325 912 siti
1353 887 1430 911 ma-

119 935 181 986 gis
198 949 315 987 quam
334 936 412 974 alia
430 949 471 974 re
492 937 726 974 accenditur.
786 937 885 987 Ejus
906 938 1086 987 potiundi
1108 937 1279 975 Marium
1308 937 1429 975 maxi-

119 1013 184 1038 ma
202 1000 344 1050 cupido
361 1001 569 1051 invaserat,
591 1003 602 1020 ⁷
617 1015 736 1052 quum
765 999 924 1052 propter
951 1015 1064 1039 usum
1095 1002 1203 1051 belli,
1224 1007 1308 1039 tum
1337 1002 1429 1053 quia

120 1077 182 1102 res
201 1077 338 1114 aspera
356 1064 576 1114 videbatur,
595 1071 635 1102 et
665 1065 852 1102 Metellus
880 1065 1064 1115 oppidum
1094 1065 1260 1102 Thalam
1289 1078 1433 1119 magna

119 1128 245 1178 gloria
277 1134 443 1178 ceperat,
472 1129 576 1166 haud
611 1129 858 1166 dissimiliter
891 1129 1009 1167 situm
1041 1130 1324 1181 munitumque,
1352 1129 1430 1166 nisi

118 1193 222 1245 quod
251 1194 354 1244 apud
384 1194 548 1231 Thalam
580 1207 655 1231 non
686 1194 800 1244 longe
835 1208 857 1231 a
890 1195 1082 1233 moenibus
1114 1194 1265 1246 aliquot
1299 1195 1429 1232 fontes

119 1261 240 1306 erant,
271 1255 486 1307 Capsenses
514 1271 591 1295 una
620 1258 745 1306 modo,
766 1263 882 1309 atque
911 1272 955 1296 ea
982 1258 1085 1295 intra
1117 1259 1314 1309 oppidum,
1339 1258 1428 1309 jugi

117 1334 228 1372 aqua,
247 1326 376 1359 cetera
403 1321 537 1372 pluvia
567 1322 790 1360 utebantur.
850 1323 861 1339 ⁸
878 1322 928 1360 Id
949 1323 1081 1374 ibique
1102 1328 1142 1361 et
1174 1323 1213 1360 in
1233 1324 1339 1361 omni
1359 1324 1429 1362 Af-

117 1385 208 1435 rica,
227 1398 314 1436 quae
332 1386 467 1436 procul
487 1399 509 1423 a
529 1386 628 1423 mari
649 1386 836 1424 incultius
867 1387 1020 1437 agebat,
1041 1401 1084 1425 eo
1107 1387 1262 1425 facilius
1289 1387 1428 1425 tolera-

117 1447 244 1498 batur,
262 1449 354 1499 quia
375 1448 412 1486 N
416 1449 559 1487 umidae
578 1449 806 1501 plerumque
827 1450 928 1488 lacte
949 1455 990 1487 et
1008 1450 1133 1488 ferina
1162 1463 1274 1488 carne
1302 1464 1414 1489 vesce

116 1511 270 1561 bantur,
290 1517 330 1549 et
348 1525 473 1563 neque
494 1513 612 1550 salem
633 1526 759 1565 neque
789 1514 867 1551 alia
895 1514 1142 1552 irritamenta
1161 1514 1264 1565 gulae
1283 1528 1428 1566 quaere-

117 1576 236 1614 bant:
266 1577 375 1614 cibus
395 1577 475 1614 illis
494 1577 700 1615 adversum
722 1579 864 1615 famem
887 1584 1004 1629 atque
1026 1579 1144 1628 sitim,
1163 1592 1240 1617 non
1268 1579 1427 1618 libidini

117 1652 242 1690 neque
262 1638 429 1678 luxuriae
448 1645 541 1677 erat.

197 1702 282 1742 XC.
315 1703 445 1754 Igitur
474 1705 483 1721 ¹
500 1704 646 1754 consul,
666 1705 846 1743 omnibus
874 1705 1097 1756 exploratis,
1117 1707 1245 1757 credo,
1265 1707 1326 1745 dis
1354 1707 1412 1746 fre

117 1772 182 1805 tus
204 1766 309 1816 (nam
330 1772 464 1806 contra
483 1773 613 1806 tantas
634 1769 884 1807 difficultates
904 1770 1067 1809 consilio
1096 1772 1193 1809 satis
1221 1772 1418 1822 providerc

116 1845 192 1870 non
230 1837 408 1883 poterat,
453 1833 596 1884 quippe
634 1833 753 1871 etiam
791 1834 979 1872 frumenti
1017 1835 1148 1886 inopia
1186 1836 1424 1888 tentabatur,

116 1896 220 1948 quod
242 1896 426 1935 Numidae
444 1897 587 1948 pabulo
606 1898 756 1948 peeoris
774 1899 900 1949 magis
926 1913 1042 1950 quam
1071 1913 1163 1939 arvo
1193 1901 1364 1950 student,
1385 1907 1423 1940 et

116 1960 398 2012 'quodcunque
418 1967 552 1999 natum
571 1962 712 2012 fuerat,
728 1964 842 2012 jussu
860 1963 964 2014 regis
984 1963 1024 2001 in
1045 1963 1142 2002 loea-
1158 1966 1310 2004 munita
1339 1979 1421 2004 con-

115 2025 313 2075 tulerant,
344 2039 436 2076 ager
463 2031 592 2063 autem
614 2026 746 2064 aridus
766 2032 806 2067 et
831 2027 987 2078 frugum
1017 2041 1161 2067 vacuus
1190 2043 1235 2067 ea
1261 2035 1420 2080 tempes-

117 2093 210 2138 tate,
229 2101 318 2126 nam
347 2089 497 2127 aestatis
529 2094 747 2127 extremum
778 2092 904 2141 erat),
941 2096 1072 2130 tamen
1102 2093 1195 2143 ³pro
1227 2093 1285 2130 rei
1314 2093 1420 2142 copia

115 2153 212 2192 satis
236 2154 487 2204 providenter
515 2160 702 2192 exornat:
733 2168 851 2205 pecus
881 2169 1005 2207 omne,
1024 2158 1128 2209 quod
1160 2158 1420 2208 superioribus

116 2217 253 2257 diebus
272 2219 414 2270 praedae
431 2220 572 2270 fuerat,
593 2219 791 2271 equitibus
810 2222 1030 2260 auxiliariis
1061 2223 1073 2241 ⁴
1089 2223 1284 2274 agendum
1313 2223 1420 2260 attri-

115 2281 224 2320 buit:
260 2283 308 2321 A.
343 2283 536 2322 Manlium
566 2283 742 2334 legatum
774 2298 860 2323 cum
892 2286 1117 2326 cohortibus
1149 2286 1344 2337 expeditis
1372 2287 1419 2326 ad

115 2344 300 2396 oppidum
335 2346 467 2398 Lares,
485 2347 555 2386 ubi
585 2348 823 2399 stipendium
854 2354 894 2388 et
924 2356 1184 2389 commeatum
1216 2350 1416 2400 locaverat

115 2408 174 2447 ire
189 2408 315 2459 jubet,
330 2409 503 2463 dicitque
522 2412 531 2432 ⁴
547 2425 587 2450 se
607 2412 913 2463 praedabundum
929 2420 1016 2465 post
1031 2427 1172 2465 paucos
1188 2414 1272 2453 dies
1287 2415 1418 2455 eodem
