1586 2600
0 2141 32 2154 ·1
0 1967 36 2126 affe-212⁹*
0 1922 10 1954 *¹

716 189 1022 216 suoun‘rru.
1301 160 1310 170 ⁶
1455 176 1503 214 79

190 294 331 336 deinde
348 294 524 334 faciundi
543 294 704 332 lieentia
724 294 900 344 eripitur,
917 298 957 331 et
978 291 1088 331 vobis
1107 295 1255 330 aeterna
1275 290 1502 329 sollicitudo

189 360 418 410 remanebit,
437 373 557 411 quum
578 358 818 409 intellegetis
846 363 914 395 aut
946 356 1199 395 serviundum
1232 367 1327 405 esse,
1348 360 1416 391 aut
1435 368 1504 404 per

188 438 326 464 manus
345 425 571 463 libertatem
591 423 844 461 retinendam.
905 422 1008 459 Nam
1031 420 1121 458 fidei
1141 419 1300 471 quidem
1322 424 1391 456 aut
1418 432 1503 456 eon—

188 490 330 529 eordiae
349 503 436 542 quae
455 502 542 540 spes
563 489 652 527 est?
710 487 914 526 Dominari
935 487 996 524 illi
1016 486 1166 534 volunt,
1179 498 1247 523 vos
1262 484 1378 522 liberi
1395 497 1477 522 esse
1493 498 1500 534 3

186 617 311 656 veluti
330 617 519 666 hostibus,
532 616 711 654 hostibus
726 629 794 666 pro
811 615 926 653 sociis
941 620 1116 658 utuntur.
1158 613 1348 651 Potestne
1365 612 1405 650 in‘
1422 618 1500 650 tam

188 681 352 720 diversis
366 681 563 719 mentibus
578 694 654 730 pax
671 686 739 717 aut
755 679 929 717 amicitia
949 691 1032 716 esse
1046 679 1060 716 2
1119 676 1247 723 Quare
1264 690 1401 714 moneo
1418 676 1501 714 hor-

186 749 324 796 torque
340 757 419 793 vos,
438 757 486 781 ne
507 749 660 782 tantum
680 743 806 781 scelus
826 743 1062 793 impunitum
1084 741 1288 779 omittatis.
1329 740 1366 778 N
1371 753 1419 778 on
1439 753 1501 791 pe-

186 808 340 846 culatus
359 809 488 846 aerarii
508 809 635 846 faetus
655 813 726 857 est,
746 821 870 858 neque
892 820 960 857 per
982 807 1060 844 vim
1082 806 1197 844 sociis
1218 810 1361 856 ereptae
1389 818 1501 856 pecu-

185 873 278 922 niae3
295 885 383 924 quae
393 885 627 924 quamquam
641 871 776 922 gravia
789 876 891 920 sunt,
901 876 1031 908 tamen
1045 869 1326 907 consuetudine
1335 870 1417 918 jam
1430 881 1499 919 pro

185 935 308 974 nihilo
329 936 521 975 habentur
538 949 545 974 z
576 935 680 973 hosti
709 935 897 972 acerrimo
916 934 1073 985 prodita
1093 939 1252 971 senatus
1272 934 1499 983 auctoritas,

187 1000 384 1050 proditum
405 1000 611 1050 imperium
631 1005 803 1038 vestrum
821 1013 827 1049 3
861 999 965 1036 domi
986 998 1219 1049 militiaeque
1250 1011 1311 1035 res
1341 997 1498 1047 publiea

186 1063 335 1102 venalis
355 1064 439 1101 fuit.
499 1065 525 1082 ¹⁹
539 1063 636 1109 Quae
655 1064 731 1101 nisi
751 1063 915 1114 quaesita
936 1068 1062 1111 erunt,
1082 1062 1158 1099 nisi
1186 1062 1427 1100 vindicatum
1459 1061 1498 1098 in

185 1128 334 1177 noxios,
353 1128 448 1179 quid
469 1128 545 1165 erit
564 1127 771 1178 reliquum,
791 1127 867 1164 nisi
896 1132 940 1164 ut
970 1127 1062 1176 illis,
1081 1126 1149 1177 qui
1179 1139 1224 1164 ea
1253 1126 1390 1174 fecere,
1412 1126 1498 1164 obe-

183 1191 338 1230 dientes
356 1193 563 1231 vivamus?
585 1206 674 1230 nam
696 1193 851 1242 impune
872 1192 1061 1243 quaelibet
1081 1192 1219 1242 facere,
1240 1192 1268 1209 ²⁰
1284 1192 1322 1228 id
1353 1201 1412 1228 est
1441 1203 1497 1228 re—

181 1269 270 1307 gem
290 1270 384 1295 esse.
443 1257 581 1308 Neque
604 1271 674 1307 ego
696 1271 774 1307 vos,
791 1256 976 1306 Quirites,
989 1257 1142 1306 hortor,
1163 1262 1207 1294 ut
1227 1256 1376 1293 malitis
1393 1256 1496 1293 cives

181 1326 331 1359 vestros
357 1321 599 1371 ”perperam
629 1334 746 1372 quam
777 1327 883 1358 reete
914 1321 1064 1370 fecisse,
1085 1320 1152 1358 sed
1184 1333 1231 1358 ne
1259 1319 1494 1370 ignoscendo

179 1385 293 1423 malis
312 1386 432 1424 bonos
451 1386 649 1436 perditum
670 1385 778 1423 eatis.
837 1385 904 1423 Ad
933 1385 1005 1423 hoe
1038 1385 1078 1422 in
1109 1398 1150 1422 re
1181 1384 1338 1435 publiea
1367 1384 1493 1422 multo

178 1454 339 1500 praestat
357 1449 534 1487 beneficii
563 1463 679 1500 quam
710 1449 892 1486 maleficii
923 1449 1191 1486 immemorem
1223 1461 1331 1497 esse,
1369 1448 1493 1487 bonus

177 1515 447 1553 tantummodo
468 1516 622 1565 segnior
641 1515 696 1564 fit,
712 1515 740 1532 ²²
753 1515 822 1552 ubi
841 1514 1036 1565 neglegas,
1054 1520 1094 1551 at
1116 1514 1242 1551 malus
1263 1514 1488 1564 improbior.

177 1579 244 1616 Ad
265 1579 336 1617 hoe
356 1580 390 1617 si
409 1580 564 1630 injuriae
584 1593 660 1617 non
680 1580 770 1629 sint,
790 1580 894 1617 haud
915 1593 1014 1630 saepe
1036 1579 1175 1616 auxilii
1197 1581 1346 1628 egeas.''

257 1642 442 1681 XXXII.
490 1644 588 1682 Haec
619 1650 735 1694 atque
767 1645 845 1681 alia
875 1643 1148 1693 hujuscemodi
1179 1657 1281 1693 saepe
1314 1643 1490 1694 dicendo,

178 1706 388 1744 Memmius
408 1707 548 1757 populo
569 1708 789 1758 persuadet,
810 1708 869 1745 uti
892 1708 934 1745 L.
961 1707 1132 1756 Cassius,
1151 1709 1219 1758 qui
1240 1713 1324 1749 tum
1345 1713 1490 1757 praetor

174 1777 270 1821 erat,
300 1772 349 1809 ad
381 1772 409 1810 J
413 1772 622 1822 ugurtham
653 1773 889 1822 mitteretur,
921 1786 1098 1824 eumque,
1131 1775 1140 1790 ¹
1155 1773 1385 1823 interposita
1413 1773 1488 1810 fide

173 1835 344 1886 publiea,
365 1836 532 1874 Romam
559 1837 731 1885 duceret,
751 1850 826 1887 quo
856 1837 1010 1874 facilius
1040 1837 1184 1874 indicio
1214 1837 1329 1887 regis,
1350 1837 1488 1875 Scauri

173 1905 214 1938 et
232 1900 483 1952 reliquorum,
498 1914 594 1952 quos
613 1901 787 1951 pecuniae
807 1905 931 1951 eaptae
946 1901 1206 1950 arcessebant,
1222 1901 1368 1938 delicta
1382 1906 1487 1952 pate-

171 1965 318 2003 fierent.
378 1966 482 2004 Dum
503 1966 584 2004 haeo
604 1967 741 2005 Romae
756 1972 958 2017 geruntur,
974 1967 986 1984 ²
1000 1966 1068 2018 qui
1089 1967 1128 2004 in
1150 1966 1340 2004 Numidia
1356 1966 1485 2004 relicti

170 2043 194 2067 a
214 2029 352 2067 Bestia
382 2031 573 2068 exercitui
603 2036 805 2081 praeerant,
826 2031 949 2070 secuti
969 2044 1115 2069 morem
1136 2032 1383 2082 imperatoris
1413 2032 1485 2082 sui,

169 2093 340 2145 plurima
360 2100 400 2132 et
418 2095 724 2146 flagitiosissima
739 2096 911 2134 facinora
926 2096 1062 2134 fecere.
1122 2097 1133 2114 ³
1148 2096 1287 2146 Fuere,
1304 2096 1372 2147 qui
1388 2109 1482 2133 auro

169 2160 342 2210 corrupti
363 2159 591 2210 elephantos
612 2161 642 2198 J
645 2161 824 2211 ugurthae
844 2161 1068 2199 traderent:
1100 2161 1169 2198 alii
1189 2161 1374 2212 perfugas
1393 2173 1482 2197 ven-

169 2223 272 2272 dere,
291 2237 381 2274 pars
408 2237 456 2261 ex
486 2225 636 2275 pacatis
666 2225 817 2275 praedas
845 2226 1036 2276 agebant:
1074 2230 1184 2262 tanta
1213 2225 1273 2263 vis
1304 2223 1480 2262 avaritiae

168 2285 209 2323 in
229 2287 378 2325 animos
398 2300 531 2325 eorum
552 2288 675 2326 veluti
696 2288 807 2326 tabes
836 2290 1039 2327 invaserat.
1100 2289 1159 2334 At
1181 2287 1351 2335 Cassius,
1372 2287 1384 2304 ⁴
1397 2299 1496 2339 perg

167 2348 251 2388 lata
269 2352 471 2401 rogatione
500 2365 522 2390 a
555 2352 595 2391 G.
620 2353 819 2402 Memmio,
838 2366 882 2391 ae
911 2353 1090 2404 perculsa
1121 2352 1227 2390 omni
1258 2351 1478 2402 nobilitate,

167 2414 217 2453 ad
237 2414 478 2466 «Iugurtham
498 2418 757 2469 proficiscitur
774 2432 780 2468 ;
813 2419 924 2470 eique
944 2419 1084 2457 timido
1106 2422 1145 2455 et
1165 2430 1212 2455 ex
1240 2417 1477 2455 conscientia
