1566 2586
150 178 223 215 112
493 189 535 214 o.
585 187 763 214 cruspx
810 185 1083 212 SALLUSTII

145 290 320 328 manibus
340 290 558 340 eriperetur.
618 289 740 327 Nobis
759 289 853 326 satis
872 288 1066 338 cognitum
1087 291 1156 336 est,
1175 285 1286 324 illum
1304 285 1428 337 magis

145 354 285 392 honore
321 354 437 391 Marii
465 367 578 404 quam
613 353 781 402 ⁴injuria
811 365 880 389 sua
913 351 1184 399 excruciatum,
1202 363 1324 400 neque
1347 355 1426 387 tam

145 417 257 454 anxie
277 417 444 454 laturum
464 416 593 463 fuisse,
613 415 645 452 si
673 415 851 464 adempta
870 413 1064 463 provincia
1083 413 1150 450 alii
1168 426 1282 463 quam
1303 412 1427 450 Mario

146 479 374 516 traderetur.

225 541 468 579 LXXXIII.
501 541 629 590 Igitur
658 553 701 577 eo
723 539 853 577 dolore
873 538 1092 588 impeditus,
1112 543 1150 575 et
1169 538 1259 588 quia,
1280 539 1288 555 ¹
1303 537 1428 575 stulti-

146 605 211 642 tiae
239 605 443 642 videbatur
474 603 638 640 alienam
665 616 744 639 rem
774 602 943 652 periculo
963 614 1030 639 suo
1051 613 1195 650 curare,
1213 600 1360 650 legatos
1380 599 1429 637 ad

146 668 341 706 Bocchum
370 668 504 716 mittit,
523 667 771 716 postulatum,
799 667 866 702 ‘ne
887 666 968 703 sine
997 677 1110 702 causa
1138 664 1260 702 hostis
1289 663 1428 714 populo

146 731 320 768 Romano
357 731 485 767 fieret:
533 730 672 767 habere
712 735 794 766 tum
832 741 1008 778 magnam
1049 727 1196 777 copiam
1234 726 1430 764 societatis

146 794 403 844 amicitiaeque
436 793 723 842 conjungendae,
742 805 827 842 quae
857 791 984 841 potior
1017 790 1120 828 bello
1151 795 1272 827 esset:
1301 802 1430 839 quam-

145 870 260 907 quam
281 857 416 906 opibus
436 856 515 894 suis
535 855 753 905 confideret,
773 860 902 891 tamen
931 866 1006 891 non
1040 853 1178 891 debere
1198 853 1343 890 incerta
1361 864 1429 902 pro

146 920 262 958 certis
280 925 450 957 mutare:
481 932 591 957 omne
611 919 754 957 bellum
777 918 875 955 sumi
895 917 1019 965 facile,
1038 922 1211 954 ceterum
1231 916 1428 966 aegerrime

147 983 341 1021 desinere:
371 996 446 1020 non
480 983 519 1020 in
538 982 724 1031 'ejusdem
752 986 943 1031 potestate
974 980 1128 1016 initium
1149 981 1231 1029 ejus
1250 985 1290 1016 et
1316 979 1429 1016 finem

147 1059 251 1094 esse3
282 1046 477 1095 'incipere
511 1046 642 1091 cuivis,
663 1045 779 1082 etiam
807 1044 956 1093 ignavo,
975 1043 1114 1092 licere3
1145 1042 1294 1092 deponi,
1312 1055 1430 1092 quum

146 1109 311 1146 vietores
330 1108 460 1146 velint.
518 1107 687 1145 Proinde
709 1107 782 1144 sibi
812 1118 1004 1156 regnoque
1025 1118 1091 1142 suo
1112 1105 1338 1153 consuleret,
1356 1117 1431 1141 neu

146 1172 324 1209 florentes
345 1185 404 1209 res
425 1184 513 1209 suas
533 1184 618 1208 cum
640 1171 669 1208 J
671 1170 848 1220 ugurthae
867 1170 1028 1220 perditis
1047 1169 1247 1206 misceret.’
1301 1168 1367 1206 Ad
1386 1181 1431 1206 ea

146 1249 215 1274 rex
257 1235 352 1274 satfs
385 1236 534 1286 placide
568 1236 685 1273 verba
717 1236 832 1272 facit:
874 1236 978 1272 ‘sese
1018 1246 1150 1283 paoem
1179 1245 1327 1282 cupere5
1363 1231 1430 1270 sed

147 1299 359 1348 Jugurthae
387 1299 628 1335 fortunarum
650 1298 844 1345 misercri;
877 1298 888 1314 ⁸
902 1297 934 1333 si
954 1297 1086 1334 eadem
1107 1295 1166 1332 illi
1186 1295 1294 1344 copia
1312 1295 1431 1344 fieret,

147 1362 275 1400 omnia
308 1362 562 1398 conventura)
619 1360 770 1397 Rursus
812 1359 1019 1408 imperator
1047 1358 1208 1394 ‘contra
1236 1356 1431 1406 postulata

148 1425 293 1462 Bocchi
317 1424 471 1461 nuntios
505 1423 654 1460 mittit:
685 1422 751 1458 ille
782 1422 942 1471 probare
970 1421 1123 1471 partim,
1143 1421 1220 1457 alia.
1252 1420 1427 1457 abnuere.

150 1487 207 1525 Eo
246 1487 357 1524 modo
397 1499 495 1535 saepc
543 1486 590 1523 ab
630 1491 792 1534 utroque
832 1484 959 1521 missis
1001 1483 1244 1533 remissisque
1283 1481 1430 1519 nuntiis

150 1551 325 1599 ‘'tempus
355 1549 571 1599 procedere,
591 1553 630 1584 et
660 1561 708 1584 ex
738 1547 891 1584 Metelli
921 1546 1122 1584 voluntate
1143 1545 1288 1584 bellum
1314 1545 1430 1582 intac-

148 1620 231 1651 tum
253 1614 363 1650 trahi.

228 1675 462 1713 LXXXIV.
495 1675 551 1711 At
574 1673 734 1721 Marius,
753 1678 797 1710 ut
817 1685 931 1722 supra
951 1671 1131 1719 diximus,
1146 1669 1432 1720 cupientissima

148 1738 259 1788 plebe
291 1737 422 1775 consul
451 1738 589 1786 factus,
621 1742 823 1786 postquam
868 1735 902 1772 ei
942 1734 1175 1784 provinciam
1207 1732 1431 1773 Numidiam

148 1801 309 1852 populus
337 1801 465 1849 jussit,
499 1805 612 1837 antea
645 1800 725 1848 jam
757 1798 920 1835 infestus
952 1797 1160 1846 nobilitati,
1201 1797 1310 1832 ¹tum
1342 1807 1432 1833 vero

148 1864 294 1902 multus
314 1869 428 1913 atque
448 1863 555 1899 ferox
576 1862 718 1898 instare
735 1874 740 1897 :
772 1860 942 1910 singulos
962 1860 1085 1908 modo,
1105 1859 1216 1896 modo
1236 1859 1433 1896 universos

149 1927 310 1975 laedere;
354 1926 532 1962 dictitare
563 1927 668 1962 ‘sese
702 1923 942 1961 consulatum
982 1936 1028 1960 ex
1057 1922 1170 1960 vietis
1202 1921 1282 1959 illis
1311 1920 1433 1970 spolia.

150 1989 327 2039 cepisse3'
357 1988 433 2025 alia
465 1992 650 2037 praeterea
677 1987 877 2036 magnifica
905 1999 971 2035 pro
1002 1998 1052 2034 se,
1073 1990 1112 2022 et
1143 1984 1220 2021 illis
1249 1982 1428 2020 dolentia.

152 2052 326 2100 Interim,
345 2064 431 2102 quae
460 2051 562 2088 bello
591 2051 712 2100 ²0pus
745 2055 865 2098 erant,
895 2049 1019 2098 prima
1048 2047 1208 2086 habere:
1237 2045 1431 2096 postulare

151 2115 366 2164 legionibus
398 2114 715 2162 supplementum,
752 2112 897 2149 auxilia
939 2112 988 2148 ⁸a
1016 2109 1166 2160 populis
1203 2114 1242 2146 et
1276 2108 1431 2158 regibus

151 2180 339 2230 sociisque
369 2190 581 2215 arcessere:
611 2182 796 2226 praeterea
816 2189 863 2213 ex
890 2175 1004 2213 Latio
1034 2173 1284 2211 fortissimum
1304 2185 1430 2223 quem-

151 2255 236 2293 que,
268 2241 468 2292 plerosque
501 2240 664 2287 militiae,
698 2252 838 2288 paucos
872 2239 974 2275 fama
1008 2237 1192 2286 cognitos,
1225 2235 1358 2283 accire,
1392 2243 1431 2273 et

152 2305 354 2343 ambiundo
385 2315 516 2354 cogere
547 2302 720 2340 homines
740 2301 911 2339 emeritis
940 2299 1140 2350 stipendiis
1170 2311 1298 2336 secum
1322 2298 1431 2348 profi·

152 2367 252 2405 cisci.
322 2367 457 2418 Neque
488 2365 546 2403 illi
578 2370 744 2409 senatus,
774 2375 1003 2415 quamquam
1041 2362 1223 2399 adversus
1257 2366 1350 2411 erat,
1383 2360 1430 2399 de
