1630 2626
263 178 312 214 70
613 191 656 216 ο.
705 191 886 216 0111511
930 191 1213 217 SALLusrn

261 290 300 327 in
320 291 496 340 tuguriis,
516 291 612 330 alios
631 291 815 330 incultius
834 305 951 342 vagos
970 293 1130 343 agitare,
1147 298 1234 344 post
1253 307 1317 332 eos
1337 294 1544 346 AEthiopas

260 366 354 402 esse,
373 354 463 391 dein
482 354 565 391 loca
584 360 722 392 exusta
750 355 841 392 solis
861 355 1073 394 ardoribus.
1120 355 1260 406 ‘Igitur
1277 356 1380 395 bello
1400 357 1430 395 J
1431 370 1544 407 ugur-

259 416 367 453 thino
389 417 400 434 ⁶
412 417 593 467 pleraque
614 430 660 454 ex
676 417 834 454 Punicis
847 418 986 468 oppida
998 423 1037 455 et
1050 419 1142 456 fines
1157 417 1542 469 Carthaginiensium,

258 491 352 529 quos
372 479 578 517 novissime
598 480 823 530 habuerant,
842 481 1004 530 populus
1033 481 1231 519 Romanus
1249 494 1317 531 per
1343 482 1542 532 magistra-

276 555 321 580 us
351 543 671 583 administrabat:
713 544 954 583 Gaetulorum
987 558 1125 594 magna
1157 558 1256 595 pars,
1287 550 1327 583 et
1360 545 1542 585 Numidae

257 619 375 656 usque
392 607 439 643 ad
455 607 594 644 fiumen
611 607 835 644 Mulucham
849 608 919 645 sub
936 607 964 645 J
968 608 1134 657 ugurtha
1150 614 1279 646 erant:
1302 609 1451 646 Mauris
1465 622 1541 646 om-

255 670 369 707 nibus
385 683 452 706 rex
470 670 644 708 Bocchus
660 671 918 720 imperitabat,
933 677 1072 721 praeter
1091 685 1228 709 nomen
1243 677 1371 710 cetera
1385 673 1541 722 ignarus

255 732 386 780 populi
406 732 583 781 Romani,
599 733 767 783 itemque
787 734 896 771 nobis
914 747 1036 784 neque
1057 734 1157 772 bello
1176 747 1298 784 neque
1316 747 1408 784 pace
1427 739 1541 773 antea

256 795 441 843 cognitus.
499 796 557 834 De
577 797 714 834 Africa
735 802 772 834 et
794 798 877 846 ejus
897 797 1034 834 incolis
1064 797 1113 834 ad
1142 797 1540 863 necessitudineufffei

256 859 350 895 satis
371 858 528 895 dictum.
1171 866 1176 871 “
1378 895 1380 898 ,
1454 860 1458 862 ’

333 921 423 958 XX.
455 922 678 972 Postquam,
708 922 855 959 ¹diviso
889 935 1017 972 regno,
1037 922 1156 972 legati
1175 922 1311 959 Africa
1330 922 1538 972 decessere,

254 988 294 1021 et
314 984 513 1033 Jugurtha
537 989 670 1022 eontra
697 985 875 1022 timorem
907 985 1025 1022 animi
1057 985 1214 1034 praemia
1243 985 1399 1022 sceleris
1427 984 1538 1034 adep-

253 1050 336 1083 tum
356 1058 437 1083 sese
457 1046 574 1095 videt,
594 1051 742 1083 certum
769 1051 887 1095 ratus,
905 1047 1007 1096 quod
1027 1059 1075 1083 ex
1095 1046 1228 1083 amicis
1248 1046 1348 1096 apud
1369 1046 1538 1083 Numan-

252 1108 346 1145 tiam
367 1114 577 1158 acceperat,
597 1110 724 1147 omnia
743 1109 878 1146 Romae
897 1109 1048 1147 venalia
1068 1122 1161 1158 esse,
1181 1109 1296 1146 simul
1324 1114 1363 1146 et
1382 1109 1536 1148 illorum

250 1171 596 1221 pollicitationibus
625 1185 816 1221 accensus,
835 1185 930 1222 quos
957 1172 1070 1222 paulo
1103 1177 1192 1210 ante
1221 1172 1444 1211 muneribus
1474 1185 1536 1210 ex-

251 1234 435 1283 pleverat,
470 1235 508 1271 in
537 1248 695 1284 regnum
731 1235 968 1272 Adherbalis
1001 1235 1170 1272 animum
1201 1235 1376 1272 intendit.
1444 1235 1534 1286 Ipse

250 1310 348 1346 acer,
381 1297 612 1346 bellicosus,
654 1302 694 1334 at
727 1298 770 1345 is,
799 1298 935 1347 ²que1n
967 1298 1135 1347 petebat,
1165 1298 1329 1348 quietus,
1354 1297 1534 1348 imbellis,

249 1361 401 1411 placido
421 1361 586 1410 ingenio,
606 1366 841 1410 opportunus
870 1362 1033 1410 injuriae,
1063 1367 1238 1399 metuens
1265 1361 1386 1411 magis
1419 1374 1533 1412 quam

249 1424 486 1462 metuendus.
543 1424 684 1473 .Igitur
717 1437 764 1460 ex
798 1423 1002 1473 improviso
1034 1424 1127 1461 fines
1155 1426 1238 1473 ejus
1271 1437 1356 1461 cum
1395 1437 1533 1474 magna

249 1501 365 1524 manu
398 1487 566 1535 invadit;
611 1487 754 1524 multos
791 1487 974 1524 mortales
1014 1500 1098 1524 cum
1132 1495 1268 1536 pecore
1301 1491 1416 1537 atque
1455 1486 1532 1523 alia

248 1551 376 1601 praeda
419 1550 557 1600 ³capit,
587 1550 748 1588 aedifieia
787 1550 968 1598 incendit,
1002 1550 1183 1600 pleraque
1222 1549 1305 1587 loca
1337 1549 1531 1587 hostiliter

249 1627 335 1651 eum
363 1613 540 1664 equitatu
568 1613 736 1650 accedit:
781 1612 919 1650 deinde
951 1625 1037 1649 cum
1077 1612 1180 1650 omni
1212 1611 1462 1650 multitudine
1490 1612 1530 1649 in

247 1690 407 1726 regnum
427 1689 538 1714 suum
558 1675 770 1724 convertit,
803 1675 1027 1712 existimans
1048 1674 1179 1711 dolore
1208 1679 1423 1724 permotum
1453 1673 1529 1711 Ad-

247 1739 444 1777 herbalem
479 1738 639 1787 injurias
670 1750 757 1775 suas
796 1751 910 1774 manu
936 1737 1232 1786 vindicaturum,
1264 1749 1423 1786 eamque
1450 1749 1527 1775 rem

246 1802 342 1840 belli
372 1814 525 1838 eausam
554 1801 643 1838 fore.
701 1800 712 1818 ⁴
730 1801 787 1837 At
815 1800 892 1849 ille,
912 1800 1014 1850 quod
1044 1812 1166 1850 neque
1187 1812 1225 1837 se
1256 1811 1386 1850 parem
1414 1799 1528 1837 armis

247 1864 507 1912 existimabat,
528 1868 567 1900 et
595 1863 766 1899 amicitia
784 1862 915 1912 populi
937 1863 1103 1900 Romani
1122 1862 1244 1912 magis
1263 1875 1376 1913 quam
1397 1861 1433 1899 N
1437 1861 1529 1900 umi-

247 1927 306 1964 dis
326 1926 448 1963 fretus
469 1930 562 1974 erat,
582 1925 729 1974 legatos
749 1925 798 1961 ad
819 1925 847 1962 J
850 1925 1056 1974 ugurtham
1087 1925 1133 1962 de
1164 1925 1318 1974 injuriis
1349 1929 1527 1975 questum

246 1989 373 2027 misit:
416 1987 483 2039 qui
516 1987 671 2024 tametsi
705 1987 983 2025 contumeliosa
1018 1988 1122 2025 dicta
1165 1986 1390 2036 retulerant,
1421 1986 1528 2036 prius

247 2057 375 2089 tamen
395 2050 521 2088 omnia
541 2049 622 2099 pati
653 2049 835 2100 decrevit,
854 2063 967 2100 quam
1000 2050 1142 2088 bellum
1162 2061 1322 2099 sumere,
1340 2048 1430 2099 quia
1449 2053 1528 2086 ten-

247 2120 372 2152 tatum
411 2119 524 2151 antea
563 2125 670 2150 secus
705 2118 880 2151 cesserat.
953 2114 1112 2164 ‘’Neque
1145 2125 1189 2150 eo
1223 2111 1347 2162 magis
1388 2111 1526 2162 cupido

247 2178 276 2216 J
279 2177 456 2227 ugurthae
488 2175 755 2224 minuebatur5
800 2177 939 2226 quippe
979 2177 1046 2227 qui
1085 2180 1209 2213 totum
1248 2176 1330 2224 ejus
1366 2186 1526 2224 regnum

246 2242 372 2279 animo
399 2242 479 2289 jam
509 2238 709 2276 invaserat.
777 2239 916 2289 Itaque
945 2251 1032 2288 non,
1050 2243 1096 2276 ut
1124 2243 1248 2286 antea,
1268 2249 1354 2274 cum
1384 2236 1526 2286 praeda-

247 2304 346 2341 toria
364 2316 490 2351 manu,
510 2300 578 2340 sed
608 2313 746 2350 magno
768 2302 940 2338 exercitu
971 2305 1189 2350 comparato
1219 2299 1364 2338 bellum
1391 2311 1525 2349 gerere

247 2367 371 2417 coepit,
391 2371 431 2404 et
458 2369 590 2416 aperte
622 2363 743 2401 totius
774 2363 970 2401 Numidiae
998 2362 1200 2414 imperium
1219 2366 1359 2411 petere.
1417 2359 1520 2399 Gete-
