1586 2586
625 190 910 218 CATILINA.
1381 181 1432 220 29

14 317 44 334 ,π
67 338 84 346 Ὗ,
109 293 264 339 hostem
297 300 416 349 atque
449 295 686 347 parricidam
715 309 864 335 vocare.
935 295 1038 334 Tum
1069 295 1138 334 ille
1170 295 1430 336 furibundus:

13 356 85 406 ,ζῶ
109 359 341 408 “Quoniam
387 361 547 414 quidem
595 362 918 411 circumventus,”
958 361 1099 413 inquit,
1137 363 1157 381 “
1174 361 1223 399 ab
1263 362 1433 400 inimicis

112 425 309 478 ‘praeceps
329 440 432 477 agor,
453 427 678 464 incendium
699 439 828 464 meum
849 426 964 464 ruina
983 426 1260 476 restingua111.⁷'

120 520 122 522 v
159 491 379 530 .=XXXII.
413 491 514 529 Dein
535 504 576 529 se
598 504 646 529 ex
666 492 774 529 curia
790 491 946 529 domum
962 490 1166 541 proripuit.
1227 490 1292 528 Ibi
1307 490 1434 527 multa

113 569 243 594 secum
263 557 346 607 ipse
374 556 545 606 volvens,
565 556 670 608 quod
701 569 826 608 neque
861 556 1040 594 ¹insidiae
1071 555 1222 593 consuli
1253 555 1434 606 procede-

113 620 220 672 bant,
239 626 280 659 et
310 621 358 660 ab
392 621 573 659 incendio
605 620 836 671 intellgebat
884 621 1023 660 urbem
1054 621 1203 671 vigiliis
1225 620 1433 670 munitam,

113 685 126 702 ²
139 684 331 735 optimum
376 685 483 723 factu
520 685 684 723 credens
704 686 922 723 exercitum
943 698 1097 735 augere,
1114 698 1170 734 ac,
1186 684 1295 735 prius
1314 697 1432 735 quam

113 749 287 800 legiones
324 749 599 799 scriberentur,
628 755 858 800 antecapere
890 763 979 800 quae
1020 749 1125 787 bello
1163 749 1253 786 usui
1292 749 1433 798 forent,

114 819 227 852 nocte
247 814 483 865 intempesta
503 827 589 852 cum
610 814 744 864 paucis
774 815 814 851 in
845 814 1048 851 Manliana
1078 819 1207 852 castra
1235 813 1434 864 profectus

116 884 185 917 cst.
199 868 219 886 ⁸
243 878 322 918 Sed
342 879 354 896 ³
369 878 544 930 Cethego
565 884 682 930 atque
711 879 882 917 Lentulo
912 879 1141 930 ceterisque,
1161 892 1327 930 quorum
1348 890 1434 928 cog·

114 948 276 982 noverat
295 949 514 995 promptam
535 943 750 993 audaciam,
770 944 942 992 mandat,
958 944 1123 995 ‘quibus
1138 944 1254 982 rebus
1273 947 1443 993 possent,

118 1020 209 1058 opes
227 1009 409 1046 factionis
429 1009 668 1058 confirment,
690 1009 853 1046 insidias
873 1009 1024 1047 consuli
1045 1013 1257 1057 maturent,
1273 1007 1433 1058 caedem,

118 1071 309 1121 incendia,
341 1072 495 1123 aliaque
529 1073 626 1110 belli
662 1073 836 1111 facinora
875 1079 1037 1123 parent:
1083 1086 1167 1110 sese
1205 1073 1432 1123 propediem

118 1148 205 1174 cum
239 1149 380 1186 magno
415 1137 591 1174 exercitu
623 1136 672 1174 ad
705 1137 842 1175 urbem
875 1140 1145 1175 accessurum.‘
1214 1137 1319 1174 Dum
1349 1137 1433 1175 haec

117 1199 256 1239 Romae
288 1206 489 1251 geruntur,
523 1200 563 1240 G.
603 1200 777 1238 Manlius
811 1214 859 1238 ex
894 1215 963 1239 suo
996 1215 1158 1239 numero
1197 1201 1349 1251 legatos
1383 1201 1432 1239 ad

94 1298 99 1303 .
116 1264 310 1306 Marcium
331 1265 483 1315 Regem
503 1266 639 1313 mittit,
660 1267 672 1284 ⁴
685 1278 773 1303 cum
794 1266 992 1303 mandatis
1012 1266 1306 1316 hujuscemodi:

195 1329 406 1367 XXXIII.
438 1329 580 1367 “Deos
609 1330 862 1382 hominesque
892 1335 1096 1379 testamur,
1119 1331 1342 1381 imperator,
1361 1342 1431 1368 nos

115 1408 223 1433 arma
250 1407 376 1446 neque
405 1399 541 1432 contra
569 1395 735 1444 patriam
766 1395 926 1445 cepisse,
951 1408 1077 1446 neque
1107 1409 1182 1446 quo
1212 1395 1431 1446 periculum

115 1461 203 1499 aliis
239 1461 466 1510 faceremus,
498 1461 566 1498 sed
604 1461 663 1498 uti
703 1474 863 1511 corpora
900 1466 1035 1498 nostra
1073 1461 1122 1499 ab
1161 1461 1306 1509 injuria
1344 1465 1433 1498 tuta

114 1525 254 1575 forent,
293 1524 386 1576 ¹qui
424 1524 569 1574 miseri,
608 1530 780 1575 egentes,
817 1525 1007 1563 violentia
1045 1531 1163 1576 atque
1196 1525 1432 1563 crudelitate

72 1579 80 1587 ⁸
113 1590 379 1628 feneratorum
417 1589 593 1640 plerique
624 1589 773 1640 patriae,
805 1590 874 1627 sed
904 1603 1038 1627 omnes
1069 1591 1174 1627 fama
1206 1595 1324 1641 atque
1358 1589 1435 1627 for-

114 1654 222 1691 tunis
237 1659 418 1704 expertes
438 1666 595 1691 sumus:
625 1666 751 1704 neque
773 1654 953 1704 cuiquam
974 1660 1151 1691 nostrum
1181 1654 1296 1691 licuit
1325 1666 1433 1692 more

115 1720 308 1768 majorum
345 1717 458 1770 ²lege
495 1717 566 1766 uti,
608 1730 747 1769 neque,
790 1718 932 1755 amisso
971 1718 1219 1769 patrimonio,
1262 1718 1432 1756 liberum

115 1795 254 1834 corpus
284 1781 452 1820 habere:
485 1786 597 1818 tanta
626 1781 778 1819 saevitia
807 1782 1071 1820 feneratorum
1104 1788 1223 1833 atque
1250 1783 1433 1833 praetoris

114 1846 202 1884 fuit.
261 1845 372 1896 Saepe
409 1845 576 1895 majores
616 1845 815 1883 ⁵vestrum
853 1845 1022 1883 miseriti
1060 1846 1188 1896 plebis
1228 1846 1432 1898 Romanae,

115 1910 284 1949 decretis
304 1910 384 1948 suis
404 1909 544 1960 inopiae
560 1911 645 1959 ejus
661 1910 846 1960 opitulati
861 1915 952 1948 sunt
969 1925 975 1948 :
998 1923 1042 1948 ac
1062 1911 1272 1949 novissime
1289 1924 1433 1950 memo-

114 1975 173 2014 ria
205 1980 350 2025 nostra,
383 1979 542 2026 propter
575 1974 887 2024 magnitudinem
921 1972 1010 2013 aerss
1044 1976 1174 2025 alieni,
1205 1976 1432 2015 volentibus

114 2041 294 2080 omnibus
321 2039 447 2089 bonis,
475 2039 707 2089 ⁴argentum
738 2053 814 2078 aere
846 2040 1018 2078 solutum
1050 2046 1118 2078 est.
1179 2040 1433 2092 ‘Saepe‘ipsa

112 2105 257 2157 plebeS,
277 2109 347 2142 aut
368 2103 596 2142 dominandi
617 2104 747 2142 studio
770 2110 960 2156 permota,
981 2110 1050 2143 aut
1079 2106 1263 2156 superbia
1292 2106 1433 2156 magis-

114 2174 301 2218 tratuum,
321 2174 472 2207 armata
493 2182 515 2206 a
535 2168 714 2219 patribus
735 2170 905 2207 secessit.
964 2170 1022 2208 At
1042 2168 1112 2208 nbs
1128 2184 1204 2208 non
1222 2170 1431 2220 imperium

113 2247 238 2286 neque
259 2235 421 2273 divitias
449 2234 631 2286 petimuS,
653 2235 842 2286 “quarum
871 2249 1002 2273 rerum
1033 2249 1149 2273 causa
1178 2235 1283 2273 bella
1312 2240 1431 2286 atque

114 2299 327 2336 certamina
347 2299 478 2336 omnia
498 2298 601 2353 inte-r
622 2299 807 2337 mortales
834 2305 936 2350 sunt,
957 2300 1024 2337 sed
1054 2300 1292 2347 libertatem,
1312 2312 1430 2350 quam

114 2376 227 2402 nemo
263 2364 387 2403 bonus
425 2365 500 2402 nisi
540 2378 627 2402 cum
667 2365 795 2403 anima
833 2366 895 2403 sin
911 2366 950 2403 ul
990 2366 1149 2402 amittit.
1221 2364 1277 2403 Te
1312 2370 1430 2416 atque

116 2433 293 2467 senatum
339 2430 595 2480 obtestamur,
634 2430 874 2469 'consulatis
911 2430 1066 2469 miseris
1105 2429 1281 2474 civibus;
1331 2429 1431 2481 legis
