1566 2586
0 0 161 28 *⁹²⁹3*

657 163 962 190 JUGURTRA.
1421 154 1469 190 83

220 268 488 309 XXXVIII.
534 268 593 306 At
624 267 839 319 Jugurtha,
859 266 1017 318 cognita
1048 266 1223 306 vanitate
1254 273 1372 318 atque
1402 268 1469 305 im-

149 333 295 386 peritia
324 333 458 384 legati,
490 332 706 371 ¹subdolus
737 335 821 382 ejus
852 344 994 382 augere
1027 330 1252 379 amentiam,
1273 331 1467 369 missitare

150 399 416 450 supplicantes
458 398 622 448 legatos,
656 398 737 448 ipse
771 398 883 448 quasi
916 396 1158 435 vitabundus
1190 409 1260 446 per
1294 396 1467 434 saltuosa

149 463 235 502 loca
255 468 295 501 et
316 463 497 501 tramites
517 462 734 500 exercitum
756 461 928 499 ductare.
988 460 1168 512 Denique
1190 460 1340 498 Aulum
1371 461 1382 478 ²
1399 475 1466 511 spe

146 527 341 579 pactionis
374 527 559 578 perpulit,
578 527 650 576 uti,
670 526 808 564 relicto
830 525 1010 575 Suthule,
1031 526 1071 562 in
1103 525 1258 563 abditas
1287 525 1465 575 regiones

147 605 232 630 sese
257 592 383 631 veluti
411 592 614 629 cedentem
646 591 942 642 insequeretur:
972 589 1054 627 ‘ita
1079 589 1224 627 delicta
1252 589 1466 627 occultiora

147 657 253 695 fore!
297 657 458 696 Interea
477 670 546 708 per
565 657 744 694 homines
763 656 928 694 callidos
949 656 1012 693 die
1031 661 1226 707 noctuque
1248 655 1464 693 exercitum

147 721 380 771 'tentabat3
426 721 674 759 centuriones
713 720 909 771 ducesque
948 726 1178 769 turmarum,
1215 720 1360 770 partim
1404 720 1463 757 uti

146 786 450 836 transfugerent.
470 798 716 835 eorrumpere
734 798 740 834 3
773 784 852 834 alii,
873 785 983 834 signo
1004 784 1107 834 dato,
1127 784 1256 822 locum
1277 784 1338 822 uti
1359 784 1464 822 dese-

145 854 287 889 rerent.
343 850 356 867 ⁴
374 848 471 895 Quae
500 855 706 900 postquam
728 861 776 886 ex
808 849 1003 886 sententia
1030 848 1206 898 instruit,
1228 848 1463 898 intempesta

144 918 258 951 nocte
298 913 346 951 de
379 913 589 964 improviso
621 912 876 950 multitudine
910 912 1175 950 Numidarum
1207 913 1305 950 Auli
1335 918 1463 950 castra

145 977 410 1016 circumvenit.
480 977 633 1015 Milites
666 977 849 1026 Romani,
879 976 1050 1027 perculsi
1083 977 1462 1027 tumultu‘insolito,

144 1055 253 1080 arma
283 1055 420 1093 capere
454 1043 535 1092 alii,
555 1043 623 1080 alii
654 1055 694 1080 se
729 1042 885 1091 abdere,-
903 1055 993 1092 pars
1026 1042 1186 1080 territos
1206 1043 1458 1092 confirmare3

146 1106 159 1124 ⁸
175 1106 370 1157 trepidare
390 1107 571 1144 omnibus
590 1106 685 1143 locis
703 1120 709 1143 :
741 1106 801 1143 vis
822 1119 963 1156 magna
982 1106 1166 1155 hostium,
1187 1106 1326 1144 coelum
1347 1112 1460 1144 nocte

143 1176 262 1223 atque
301 1172 471 1210 nubibus
506 1173 769 1221 obscuratum,
802 1171 1019 1222 periculum
1057 1184 1219 1222 anceps:
1263 1178 1460 1222 postremo

137 1228 277 1286 'fugere
293 1249 343 1273 an
362 1249 520 1274 manere
542 1236 667 1273 tutius
686 1236 800 1284 foret,
821 1235 861 1272 in
888 1235 1037 1273 incerto
1058 1240 1151 1273 erat.
1210 1235 1289 1274 Sed
1321 1236 1333 1254 ⁶
1346 1249 1395 1273 ex
1415 1249 1459 1274 eo

141 1311 314 1349 numero,
346 1313 443 1350 quos
476 1299 592 1350 paulo
626 1305 716 1336 ante
752 1304 955 1349 corruptos
992 1299 1177 1345 diximus,
1212 1300 1349 1338 cohors
1382 1300 1488 1337 una'

142 1362 334 1413 Ligu-rum
364 1377 451 1401 cum
473 1364 624 1402 duabus
645 1363 786 1401 turmis
808 1363 1004 1401 Thracum
1035 1369 1075 1401 et
1103 1364 1237 1414 paucis
1268 1364 1459 1415 gregariis

140 1427 336 1466 militibus
357 1429 548 1466 transiere
570 1428 619 1465 ad
639 1441 782 1478 regem,
803 1433 844 1465 et
864 1428 874 1446 ⁷
892 1428 1069 1465 centurio
1094 1429 1211 1478 primi
1224 1429 1303 1480 pili
1330 1429 1459 1468 tertiae

141 1492 307 1543 legionis
337 1493 431 1543 ⁸pe1·
459 1492 731 1542 munitionem,
751 1506 881 1544 quam,
901 1492 961 1530 uti
982 1493 1224 1542 defenderet,
1244 1499 1458 1544 acceperat,

140 1557 269 1596 locum
302 1557 482 1596 hostibus
521 1557 746 1607 intrpeundi
780 1558 903 1606 dedit,
936 1570 1059 1608 eaque
1101 1558 1288 1596 Numidae
1326 1559 1457 1596 cuncti

141 1621 326 1671 irrupere.
386 1621 524 1659 Nostri
544 1621 646 1658 foeda
674 1622 778 1671 fuga,
797 1621 975 1672 plerique
997 1622 1162 1671 abjectis
1182 1623 1312 1672 armis,
1330 1624 1458 1673 proxi·

141 1699 250 1723 mum
283 1685 422 1723 collem
462 1698 706 1735 occupavere.
785 1686 876 1722 Nox
914 1690 1031 1737 atque
1070 1687 1202 1737 praeda
1239 1694 1456 1727 castrorum

142 1749 311 1800 ⁸hostes,
330 1762 406 1801 quo
427 1750 556 1787 minus
575 1749 739 1787 victoria
763 1754 980 1799 uterentur,
1000 1757 1195 1788 remorata
1224 1758 1324 1789 sunt.
1383 1753 1456 1790 De-

141 1813 233 1852 inde
268 1813 472 1864 Jugurtha
500 1818 656 1863 postero
686 1813 750 1850 die
786 1826 873 1851 cum
903 1814 1010 1852 Aulo
1042 1814 1081 1852 in
1115 1815 1308 1867 colloquio
1335 1817 1455 1855 verba

140 1877 257 1915 facit:
290 1877 513 1915 ¹⁰‘tametsi
539 1877 664 1927 ipsum
698 1890 786 1915 eum
818 1878 995 1916 exercitu
1026 1878 1128 1916 fame
1159 1885 1200 1917 et
1228 1881 1333 1918 ferro
1353 1881 1455 1919 clau-

140 1955 226 1980 sum
261 1947 381 1991 tenet,
410 1947 541 1980 tamen
574 1955 614 1980 se
648 1942 906 1981 humanarum
935 1957 1065 1982 rerum
1099 1957 1324 1995 memorem,
1345 1946 1378 1984 si
1400 1959 1453 1984 se-

139 2019 228 2044 cum
265 2006 391 2044 foedus
439 2006 597 2055 faceret,
635 2006 849 2045 incolumes
893 2020 1028 2045 omnes
1071 2009 1144 2047 sub
1179 2010 1319 2059 jugum
1365 2011 1454 2047 mis-

139 2083 294 2108 surum:
338 2075 540 2120 praeterea,
584 2070 644 2107 uti
687 2070 826 2109 diebus
870 2071 1004 2110 decem
1056 2072 1247 2111 Numidia
1294 2074 1454 2111 decede-

138 2137 223 2172 ret.'
294 2135 318 2152 ¹¹
338 2134 435 2180 Quae
468 2148 705 2186 quamquam
744 2136 880 2186 gravia
917 2142 957 2174 et
992 2137 1135 2187 fiagitii
1172 2138 1291 2188 plena
1329 2131 1453 2187 erant,

138 2204 282 2249 tamen,
311 2200 404 2251 quia
438 2201 576 2238 mortis
608 2205 718 2238 metu
736 2201 1001 2252 mutabantur,
1021 2203 1139 2241 sicuti
1159 2204 1243 2253 regi
1268 2203 1451 2254 libuerat,

138 2276 215 2314 pax
234 2265 424 2302 convenit.

218 2326 421 2366 XXXIX.
455 2328 534 2367 Sed
564 2328 632 2367 ubi
661 2342 706 2366 ea
735 2328 872 2368 Romae
900 2336 1099 2381 comperta
1119 2335 1221 2380 sunt,
1241 2336 1368 2369 metus
1396 2337 1452 2369 at-

138 2401 215 2442 que
243 2402 384 2428 moeror
422 2391 623 2431 civitatem
663 2391 848 2431 invasere.
923 2393 1022 2432 Pars
1062 2392 1194 2431 dolere
1228 2406 1298 2444 pro
1325 2393 1451 2445 gloria
