1566 2586
195 178 267 214 122
538 189 580 213 c.
630 189 808 213 CRISPI
854 188 1134 215 sannusru

187 290 265 329 Ubi
285 295 486 340 postquam
507 291 518 308 ⁴
532 290 778 328 solitudinem
799 290 1005 340 intellexit,
1023 304 1126 329 more
1145 291 1303 330 humani
1321 292 1464 343 ingenii

187 354 320 403 cupido
354 353 522 390 difficilia
554 353 724 390 faciundi
756 354 925 390 animum
958 354 1084 391 vertit.
1143 353 1196 392 Et
1225 355 1324 392 forte
1358 355 1398 392 in
1419 368 1463 393 eo

183 416 264 454 loco
295 417 452 466 grandis
486 417 564 454 ilex
592 417 786 454 coaluerat
819 418 919 454 inter
951 430 1053 466 saxa,
1085 418 1282 467 paululum
1323 419 1464 456 *modo

182 493 311 529 prona,
333 479 420 516 dein
453 480 552 519 flexa
585 485 700 530 atque
735 484 847 516 aucta
872 479 911 516 in
944 480 1201 527 altitudinem,
1220 493 1295 532 quo
1325 486 1464 518 cuncta

181 543 421 592 gignentium
452 548 590 580 natura
623 543 717 580 fert:
748 545 857 591 cujus
887 543 1003 580 ramis
1022 543 1146 591 modo,
1164 543 1276 581 modo
1297 543 1463 581 eminen-

183 607 287 643 tibus
318 607 420 643 saxis
440 607 546 643 nisus
569 607 699 656 Ligus,
719 607 869 643 castelli
892 607 1091 656 planitiem
1124 607 1339 656 perscribit,
1356 607 1460 659 guod

181 670 310 706 cuncti
342 669 522 706 Numidae
548 669 688 706 intenti
718 669 985 719 proeliantibus
1004 669 1172 706 aderaut.
1241 669 1464 719 Exploratis

181 732 367 779 omnibus,
398 745 484 782 quae
517 745 606 769 mox
636 732 723 769 usui
756 733 836 769 fore
867 731 1042 782 ducebat,
1074 732 1206 769 eadem
1237 731 1464 782 regreditur,

184 795 195 813 ⁶
209 808 282 832 non
304 800 457 843 temere,
476 795 535 832 uti
568 795 800 843 escenderat,
821 795 887 832 sed
909 800 1061 831 tentans
1081 795 1208 832 omnia
1234 800 1274 832 et
1304 795 1463 833 circum-

181 859 353 908 spiciens.
404 859 542 909 Itaque
563 859 730 896 Marium
751 872 908 908 propere
924 859 1017 906 adit,
1033 864 1118 896 acta
1133 859 1283 908 edocet3
1314 860 1326 878 ⁷
1339 859 1463 897 horta-

180 926 254 969 tur,
274 921 321 958 ab
341 934 385 958 ea
404 926 524 970 parte,
543 934 618 971 qua
639 921 718 970 ipse
739 921 971 970 escenderat,
991 921 1189 958 castellum
1210 926 1356 971 tentet3
1387 922 1463 971 pol-

179 982 318 1020 licetur
356 996 437 1020 sese
475 983 626 1020 itineris
673 983 908 1033 periculique
947 983 1091 1020 ducem.
1178 983 1326 1021 Marius
1373 996 1460 1021 cum

184 1046 339 1095 Ligure,
369 1046 581 1095 ⁸promissa
614 1047 696 1094 ejus
729 1045 936 1095 cognitum,
970 1058 1016 1082 cx
1046 1046 1300 1094 praesentibus
1333 1046 1460 1096 misit;

179 1121 340 1159 quorum
371 1108 430 1144 uti
463 1109 646 1158 cujusque
677 1108 871 1157 ingenium
893 1113 985 1156 erat,
1005 1108 1060 1144 ita
1078 1121 1158 1144 rem
1179 1108 1368 1146 difficilem
1397 1114 1465 1146 aut

179 1170 331 1207 facilem
365 1170 600 1207 nuntiavere.
660 1170 838 1208 Consulis
871 1170 1020 1207 animus
1051 1175 1179 1207 tamen
1207 1171 1388 1220 'paulum
1408 1184 1464 1208 ar-

179 1240 316 1271 rectus.
375 1235 514 1284 Itaque
544 1248 590 1271 ex
613 1235 720 1284 copia
741 1234 954 1271 tubicinum
985 1239 1023 1270 et
1052 1234 1285 1271 cornicinum
1304 1247 1462 1272 numero

179 1297 347 1347 quinque
375 1310 489 1346 quam
520 1297 780 1334 velocissimos
801 1296 956 1345 delegit,
977 1302 1016 1332 et
1035 1309 1119 1333 cum
1139 1296 1210 1345 his,
1241 1297 1266 1314 ¹⁰
1280 1297 1459 1345 praesidio

178 1359 243 1409 qui
275 1360 410 1407 forent,
441 1364 604 1409 quatuor
643 1359 894 1406 centuriones,
925 1371 1131 1408 omnesque
1166 1359 1301 1408 Liguri
1329 1372 1462 1408 parere

175 1422 297 1471 jubet,
317 1427 355 1458 et
385 1422 420 1458 ei
448 1422 602 1470 negotio
621 1422 837 1471 proximum
858 1421 958 1458 diem
981 1422 1189 1459 constituit.

256 1484 407 1523 XCIV.
477 1484 553 1522 Sed
586 1484 652 1522 ubi
683 1497 729 1521 ex
759 1489 948 1533 praecepto
977 1482 1126 1533 tenipus
1155 1484 1291 1533 visum,
1317 1484 1462 1534 paratis

178 1548 474 1598 compositisque
508 1547 684 1585 omnibus
717 1547 765 1584 ad
798 1547 922 1584 locum
953 1547 1110 1596 ¹pergit.
1182 1546 1362 1585 Ceterum
1390 1546 1461 1596 illi,

177 1611 244 1662 qui
277 1612 470 1649 ascensuri
500 1616 619 1659 erant,
641 1611 826 1660 praedocti
858 1611 906 1649 ab
939 1611 1044 1658 duee,
1075 1623 1180 1648 arma
1209 1616 1461 1662 ornatumque

177 1681 431 1723 mutaverant,
463 1676 587 1725 capite
621 1681 736 1726 atque
769 1675 931 1724 pedibus
961 1675 1086 1723 nudis,
1127 1675 1214 1711 2ιιίιί
1241 1679 1461 1724 prospectus

177 1740 358 1790 nisusque
378 1753 445 1789 per
465 1752 557 1776 saxa
575 1739 729 1776 facilius
748 1739 867 1775 foret:
898 1751 1011 1788 super
1027 1744 1134 1788 terga
1153 1738 1274 1788 gladii
1289 1743 1328 1776 et
1343 1743 1462 1787 scuta,

177 1815 309 1839 verum
341 1815 386 1838 ea
419 1802 626 1839 Numidica
660 1814 707 1838 ex
741 1801 865 1850 coriis,
898 1801 1076 1850 ponderis
1106 1802 1231 1851 gratia
1264 1801 1390 1850 simul,
1423 1806 1461 1839 et

178 1865 320 1902 offensa
348 1877 423 1914 quo
456 1864 580 1901 levius
613 1868 836 1913 streperent.
895 1863 1024 1913 Igitur
1053 1864 1310 1914 praegrediens
1341 1864 1461 1914 Ligus

178 1928 189 1944 ³
203 1940 305 1975 saxa,
321 1931 360 1963 et
380 1927 411 1963 si
427 1939 512 1977 quae
531 1931 724 1964 vetustate
744 1926 891 1963 radices
912 1927 1142 1976 eminebant,
1158 1926 1304 1978 laqueis
1323 1927 1460 1964 vincie-

179 1990 254 2037 bat,
270 1989 408 2040 quibus
441 1989 598 2027 allevati
630 1990 774 2027 milites
794 1989 946 2027 facilius
966 1990 1235 2027 escenderent:
1265 1989 1456 2026 interdum

179 2053 334 2090 timidos
355 2052 559 2089 insolentia
591 2052 741 2089 itineris
761 2052 887 2089 levare
907 2065 1042 2089 manu:
1074 2052 1140 2089 ubi
1158 2051 1271 2101 paulo
1291 2051 1455 2101 asperior

177 2128 356 2153 ascensus
376 2121 469 2164 erat,
489 2115 659 2164 singulos
679 2129 757 2164 prae
777 2128 816 2152 se
837 2115 1002 2152 inermes
1030 2115 1196 2162 mittere,
1219 2113 1357 2151 deinde
1377 2114 1457 2164 ipse

178 2192 264 2216 cum
284 2179 437 2216 illorum
457 2178 573 2215 armis
593 2179 722 2229 sequi:
743 2192 828 2229 quae
848 2179 964 2216 dubia
983 2178 1068 2215 nisu
1088 2177 1326 2226 videbantur,
1345 2178 1459 2228 potis-

178 2243 297 2280 simus
318 2246 478 2290 tentare,
497 2254 540 2278 ac
573 2242 712 2290 saepius
747 2242 879 2279 eadem
911 2240 1119 2278 ascendens
1139 2240 1459 2292 descendensque,

178 2305 267 2343 dein
301 2305 432 2342 statim
465 2304 694 2353 digrediens,
714 2304 853 2341 ceteris
887 2303 1083 2340 audaciam
1112 2302 1261 2340 addere.
1320 2303 1458 2353 Igitur,

178 2367 246 2405 diu
265 2368 505 2417 multumque
537 2366 704 2415 fatigati,
724 2367 880 2403 tandem
914 2365 954 2403 in
986 2365 1186 2402 castellum
1218 2365 1456 2415 perveniunt,
