1586 2600
625 205 934 231 suctum-na.
1392 195 1436 231 71

122 325 223 362 rum,
241 324 320 363 qua
351 310 553 362 pergebat,
580 309 710 361 urbes,
744 322 858 360 agros
887 297 1082 358 ⁰vast'are,
1114 307 1267 359 praedas
1300 321 1437 358 agere3

61 382 64 387 '
122 376 204 415 suis
225 375 411 426 animum,
430 375 610 413 hostibus
633 379 822 412 terrorem
843 386 995 424 augere.

203 439 322 479 XXI.
356 439 563 478 Adherbal
593 439 663 478 ubi
691 438 893 488 intellegit
925 439 994 475 ¹eo
1014 450 1250 488 processum,
1268 435 1330 474 uti
1358 449 1438 486 reg—

122 517 215 543 num
236 509 306 556 aut
335 503 640 555 relinquendum
663 508 778 552 esset,
798 508 866 540 aut
887 502 1006 542 annis
1027 501 1290 550 retinendum,
1310 513 1439 538 neces-

123 568 224 606 sario
245 567 379 618 copias
398 572 523 618 parat,
544 572 584 605 et
606 567 634 605 J
638 567 820 617 ugurthae
851 566 989 604 obvius
1020 565 1208 616 procedit.
1270 564 1438 603 Interim

123 631 229 669 haud
250 631 364 682 longe
386 645 408 668 a
427 631 538 681 mari,
567 632 579 649 ²
593 644 712 682 prope
735 630 885 670 Cirtam
907 630 1105 680 oppidum,
1124 629 1333 680 utriusque
1354 642 1439 667 con-

124 695 227 734 sedit
247 695 458 746 exereitus,
477 701 518 733 et
549 696 641 747 quia
673 695 754 733 diei
775 701 995 733 extremum
1025 700 1122 744 erat,
1150 694 1329 744 proelium
1361 707 1439 731 non

121 761 330 812 inceptum.
400 761 478 800 Sed
507 761 575 799 ubi
605 761 834 812 plerumque
863 760 991 798 noctis
1021 759 1246 810 ³processit,
1276 759 1439 798 obscuro

124 824 347 886 etiamtum
364 824 523 875 lumine,
557 825 704 862 milites
739 825 768 863 J
771 825 988 875 ugurthini,
1022 825 1133 874 siguo
1174 824 1277 873 dato,
1311 828 1440 860 castra

121 888 293 934 hostium
313 889 526 939 invadunt3
550 890 805 927 semisomnos
824 890 980 940 partim,
995 889 1092 926 alios
1112 901 1220 926 arma
1241 892 1440 926 sumentes

122 953 260 1004 fugant
278 953 534 1005 funduntque.
567 953 773 993 Adherbal
800 967 887 991 cum
907 954 1042 1004 paucis
1062 953 1263 1004 equitibus
1286 951 1439 991 Cirtam

123 1017 317 1068 profugit,
348 1023 399 1067 et,
418 1018 459 1055 ni
487 1018 702 1056 multitudo
732 1019 982 1069 ⁴togatorum
1012 1017 1164 1066 fuisset,
1183 1030 1271 1068 quae
1302 1016 1440 1054 Numi—

124 1081 193 1119 das
212 1081 459 1132 insequentes
478 1082 670 1120 moenibus
689 1082 901 1133 prohibuit,
914 1095 990 1119 uno
1008 1081 1070 1120 die
1091 1081 1195 1119 inter
1215 1081 1312 1119 duos
1327 1093 1440 1131 reges

124 1150 292 1196 coeptum
322 1150 440 1196 atque
474 1151 672 1193 patratum
703 1146 851 1184 bellum
885 1146 996 1183 foret.
1066 1145 1200 1196 Igitur
1235 1144 1440 1195 Jugurtha

122 1209 308 1260 oppidum
343 1210 606 1259 circumsedit,
638 1212 648 1227 ⁵
664 1211 788 1248 vineis
809 1210 1061 1261 turribusque
1082 1214 1122 1246 et
1142 1208 1334 1246 machinis
1363 1222 1439 1246 om-

120 1273 229 1311 nium
267 1287 455 1324 generum
487 1287 709 1324 expugnare
740 1273 993 1324 aggreditur,
1037 1273 1206 1310 maxime
1246 1273 1439 1311 festinans

121 1338 133 1355 ⁸
148 1342 302 1388 tempus
322 1337 542 1388 legatorum
573 1343 814 1388 antecapere,
834 1351 942 1389 quos,
963 1343 1053 1374 ante
1074 1337 1254 1387 proelium
1275 1337 1438 1387 factum,

119 1400 168 1439 ab
199 1400 426 1439 Adherbale
460 1401 630 1439 Romam
663 1401 802 1438 missos
835 1400 1048 1438 audiverat.
1119 1400 1198 1439 Sed
1231 1405 1438 1451 postquam

119 1469 276 1503 senatus
306 1464 353 1502 de
374 1464 478 1503 bollo
499 1478 633 1502 eorum
663 1466 675 1483 ⁷
689 1465 850 1515 accepit,
870 1471 951 1503 tres
981 1464 1249 1502 adolescentes
1270 1464 1310 1501 in
1331 1463 1438 1502 Afri-

97 1541 204 1569 .cam
234 1527 428 1579 legantur,
450 1529 518 1580 qui
553 1528 686 1567 ambos
715 1542 827 1579 reges
859 1529 1013 1578 adeant,
1034 1533 1194 1566 senatus
1224 1527 1437 1579 populique

119 1591 290 1630 Romani
319 1592 450 1631 verbis
483 1593 679 1642 nuntient,
710 1592 859 1645 ⁸‘vqlle
893 1598 932 1630 et
962 1605 1119 1630 censere
1141 1605 1207 1630 eos
1239 1591 1288 1630 ab
1317 1591 1437 1629 armis

118 1655 343 1706 discedere;
375 1656 423 1693 de
444 1657 720 1694 controversiis
741 1656 822 1694 suis
839 1657 927 1706 jure
947 1656 1079 1706 potius
1099 1669 1216 1707 quam
1236 1655 1341 1695 bello
1362 1656 1436 1694 dis-

117 1725 273 1771 ceptare
291 1733 296 1757 :
327 1719 385 1757 ita
404 1732 522 1771 seque
541 1720 700 1771 illisque
721 1720 883 1770 dignum
905 1722 1011 1758 esse.'

197 1783 342 1822 XXII.
375 1783 519 1834 Legati
549 1783 589 1821 in
611 1784 787 1822 Africam
819 1789 1063 1822 maturantes
1090 1784 1264 1834 veniunt,
1284 1797 1329 1822 eo
1358 1797 1436 1822 ma-

115 1848 189 1900 gis,
207 1849 312 1901 quod
334 1849 482 1898 Romae,
506 1848 597 1886 dum
628 1849 820 1899 proficisci
850 1853 1007 1900 parant,
1025 1849 1073 1886 de
1103 1848 1239 1899 proelio
1270 1849 1374 1887 facto
1395 1853 1436 1886 et

117 1913 404 1964 oppugnatione
441 1912 562 1951 Cirtae
592 1913 846 1951 audiebatur:
892 1913 959 1951 sed
994 1913 1027 1951 is
1060 1925 1194 1951 rumor
1235 1913 1244 1930 ¹
1262 1911 1434 1950 clemens

116 1983 210 2016 erat.
279 1978 291 1995 ²
309 1977 496 2027 Quorum,
535 1977 564 2015 J
567 1977 748 2028 ugurtha,
786 1982 945 2028 accepta
983 1977 1171 2027 oratione,
1208 1977 1431 2028 respondit:

115 2043 124 2063 ‘
142 2041 219 2080 sibi
239 2054 364 2093 neque
396 2042 524 2091 majus
544 2041 751 2092 quicquam
771 2055 897 2093 neque
919 2042 1047 2080 carius
1067 2041 1305 2080 auctoritate
1327 2054 1434 2079 sena-

117 2110 181 2144 tus
201 2118 285 2144 esse
303 2119 311 2155 3
342 2106 391 2144 ab
426 2105 690 2143 adolescentia
706 2105 762 2142 ita
781 2118 822 2150 se
843 2106 1005 2156 enisum,
1024 2111 1070 2144 ut
1095 2106 1144 2145 ab
1176 2105 1323 2156 optimo
1343 2118 1434 2156 quo-

116 2182 191 2221 que
221 2169 477 2220 probaretur:
509 2169 669 2218 virtute,
702 2182 778 2206 non
812 2169 965 2207 malitia
993 2169 1038 2207 P.
1063 2168 1249 2220 Scipioni,
1281 2180 1433 2206 summo

116 2233 211 2284 viro,
229 2233 445 2285 placuisse,
478 2233 526 2271 ob
556 2233 712 2271 easdem
744 2238 848 2271 artes
877 2233 926 2272 ab
961 2233 1140 2284 Micipsa,
1160 2245 1236 2270 non
1269 2231 1434 2283 penuria

117 2297 341 2348 liberorum,
356 2298 397 2336 in
416 2311 580 2348 regnum
601 2297 830 2347 adoptatum
847 2310 939 2336 esse.
992 2297 1176 2336 Ceterum
1198 2297 1210 2314 ³
1223 2309 1298 2347 quo
1319 2294 1434 2346 plura

117 2360 216 2400 bene
236 2366 353 2413 atque
373 2367 532 2400 strenue
552 2361 723 2410 fecisset,
744 2373 789 2398 eo
818 2361 990 2399 animum
1012 2375 1125 2399 suum
1158 2359 1343 2409 injuriam
1363 2358 1432 2396 mi—

117 2437 191 2472 uus
209 2424 386 2464 tolerare.
434 2424 701 2464 Adherbalem
723 2423 824 2463 dolis
843 2425 937 2463 vitae
953 2438 1032 2463 suae
1052 2423 1305 2473 insidiatum,
1327 2422 1432 2475 quod
