1566 2586
179 190 230 226 98
527 204 570 227 c.
621 202 801 229 cnisri
847 205 1129 232 sarnum-11

180 301 421 340 subveniunt.
480 303 616 354 Neque
647 304 793 342 diutius
820 305 1001 343 Numidae
1031 307 1208 345 resistere
1239 308 1463 359 quivissent,

181 364 245 402 ’ni
264 366 414 414 pedites
433 379 518 402 cum
539 367 733 416 equitibus
752 369 934 417 permixti
954 382 1129 418 magnam
1150 370 1296 421 cladem
1316 371 1356 409 in
1379 385 1464 411 con-

179 441 313 478 gressu
332 430 511 466 facerent.
569 431 581 447 ⁴
597 430 746 475 Quibus
766 431 824 467 illi
845 431 946 480 freti,
966 445 1051 481 non,
1070 438 1114 470 ut
1134 434 1303 484 equestri
1330 435 1463 484 proelio

182 492 290 540 solet,
311 493 429 542 sequi,
449 493 537 529 dein
558 494 704 542 cedere,
724 494 790 531 sed
811 494 981 532 adversis
1007 496 1116 546 equis
1144 509 1380 547 concurrere,
1397 500 1465 543 im-

181 555 323 605 plicare
344 569 387 592 ac
407 557 631 606 perturbare
660 557 803 594 aciem:
835 558 917 595 ⁵ita
945 559 1135 608 expeditis
1163 560 1358 609 peditibus
1386 561 1465 599 suis

181 617 309 654 hostes
329 631 424 667 pene
445 619 566 656 victos
588 619 687 656 dare.
1470 614 1476 618 i

260 681 343 717 LX.
378 681 524 718 Eodem
546 687 713 731 tempore
734 682 834 731 apud
855 682 1011 720 Zamam
1028 697 1166 733 magna
1179 683 1219 722 vi
1233 684 1464 722 certabatur.

182 744 258 782 Ubi
274 745 434 795 quisque
452 746 601 795 legatus
621 751 687 783 aut
707 747 884 783 tribunus
901 747 1070 797 curabat,
1084 749 1093 765 ¹
1108 761 1152 785 eo
1167 748 1351 787 acerrime
1366 748 1441 787 niti
1456 762 1464 799 ;

181 819 302 857 neque
323 807 421 844 alius
442 808 480 844 in
500 808 575 846 alio
596 809 718 858 magis
737 822 851 859 quam
874 809 910 845 in
931 822 1013 846 sese
1043 823 1147 859 spem
1175 810 1341 848 habere:
1369 811 1468 861 pari-

181 875 315 922 terque
349 872 527 921 oppidani
562 885 694 922 agere:
737 874 750 890 ²
763 886 994 922 oppugnare,
1025 879 1092 910 aut
1124 886 1258 923 parare
1291 875 1467 912 omnibus

181 933 294 970 locis:
326 934 476 971 avidius
496 934 609 971 alteri
642 935 784 972 alteros
816 936 998 984 sauciare,
1017 949 1132 986 quam
1163 941 1285 974 semet
1314 942 1464 986 tegere:

181 996 324 1034 clamor
342 998 556 1047 permixtus
576 998 804 1047 hortatione,
825 999 974 1048 laetitia,
993 1000 1152 1048 gemitu,
1167 990 1262 1037 item
1283 1001 1468 1050 strepitus

182 1073 371 1097 armorum
393 1061 440 1098 ad
470 1061 606 1098 ooelum
637 1062 740 1109 ferri,
762 1062 838 1098 tela
869 1063 1063 1112 utrimque
1095 1063 1233 1100 volare.
1291 1063 1368 1102 Sed
1397 1063 1468 1114 illi,

181 1124 247 1175 qui
277 1125 414 1162 moenia
434 1125 695 1174 defensabant,
715 1126 782 1163 ubi
803 1127 814 1144 ³
828 1127 957 1163 hostes
977 1127 1132 1176 paulum
1161 1128 1273 1165 modo
1300 1115 1467 1178 pugnam

182 1187 420 1238 remiserant,
449 1188 590 1225 intenti
623 1189 798 1238 proelium
832 1195 1007 1240 equestre
1042 1191 1357 1239 prospectabant:
1393 1203 1467 1240 eos,

182 1251 239 1288 uti
260 1264 420 1302 quaeque
441 1252 470 1289 J
473 1252 650 1301 ugurthae
669 1265 729 1289 res
750 1258 869 1301 erant,
890 1253 998 1290 laetos
1027 1254 1149 1301 modo,
1170 1253 1282 1290 modo
1309 1253 1467 1303 pavidos

183 1315 532 1363 animadverteres,
569 1327 611 1351 ac
641 1315 755 1351 sicuti
775 1315 900 1351 audiri
921 1328 942 1351 a
970 1315 1048 1352 suis
1076 1320 1143 1352 aut
1171 1315 1274 1352 cerni
1301 1320 1467 1366 possent,

182 1390 335 1415 monere
355 1377 432 1426 alii,
452 1378 519 1414 alii
539 1378 695 1426 hortari,
715 1383 782 1414 aut
807 1391 923 1414 manu
951 1378 1175 1427 significare,
1195 1383 1262 1415 aut
1289 1379 1363 1415 niti
1391 1391 1467 1416 cor-

182 1440 349 1490 poribus,
370 1445 408 1477 et
439 1454 482 1478 ea
512 1441 585 1478 huc
616 1446 654 1477 et
686 1440 788 1487 illuc,
812 1441 920 1490 quasi
951 1440 1152 1478 vitabundi
1184 1446 1250 1478 aut
1279 1441 1468 1490 jacientes

183 1504 271 1552 tela,
292 1504 447 1553 agitare.
505 1504 516 1521 ⁴
535 1503 645 1548 Quod
665 1503 732 1540 ubi
763 1503 887 1540 Mario
918 1504 1111 1552 cognitum
1144 1509 1203 1540 est
1231 1503 1338 1552 (nam
1367 1504 1400 1542 is
1428 1504 1467 1541 in

184 1581 228 1604 ea
248 1572 355 1617 parte
375 1567 561 1616 curabat),
581 1567 753 1604 consulto
774 1567 898 1603 lenius
918 1579 1040 1615 agere,
1061 1579 1104 1603 ac
1131 1567 1380 1604 diffidentiam
1410 1568 1467 1605 rei

184 1630 364 1668 simulare
382 1643 388 1678 3
410 1630 491 1680 pati
513 1630 702 1667 Numidas
722 1630 802 1667 sine
823 1629 994 1667 tumultu
1013 1629 1115 1678 regis
1134 1629 1463 1679 proeliumWisere.

186 1694 260 1743 Ita,
282 1695 293 1711 ⁶
306 1693 384 1730 illis
405 1693 531 1730 studio
552 1706 705 1731 suorum
722 1693 929 1741 adstrictis,
941 1698 1097 1742 repente
1113 1705 1250 1742 magna
1264 1693 1302 1730 vi
1317 1707 1467 1732 murum

185 1757 428 1806 aggreditur3
461 1761 500 1793 et
516 1758 596 1805 jam
617 1756 730 1793 scalis
747 1755 889 1805 egressi
909 1755 1052 1792 milites
1071 1768 1187 1805 prope
1203 1768 1351 1793 summa
1366 1768 1469 1806 cepe-

184 1825 282 1867 rant,
302 1833 418 1870 quum
450 1819 629 1868 oppidani
661 1823 901 1866 concurrunt,
922 1818 1079 1867 lapides,
1100 1818 1238 1868 ignem,
1270 1818 1347 1856 alia
1377 1832 1468 1868 pree·

184 1888 290 1920 terea
317 1882 396 1919 tela
427 1882 614 1931 ingerunt.
673 1881 809 1918 Nostri
839 1881 961 1930 primo
990 1883 1192 1930 resistere3
1234 1881 1383 1930 deinde,
1401 1881 1468 1920 ubi

186 1948 296 1983 ⁶unae
327 1950 441 1995 atque
473 1944 604 1982 alterae
637 1944 748 1982 sealae
781 1943 1035 1993 comminutae,
1060 1944 1127 1994 qui
1156 1947 1468 1993 supersteterant,

186 2009 315 2046 afflicti
343 2013 432 2045 sunt
449 2021 454 2056 3
495 2008 613 2044 ceteri
646 2020 796 2058 quoquo
829 2007 941 2044 modo
974 2012 1143 2056 potuere,
1173 2005 1283 2056 pauci
1315 2005 1467 2055 integri,

186 2087 323 2123 magna
341 2085 428 2122 pars
447 2071 671 2109 vulneribus
691 2071 853 2108 confecti
874 2070 1024 2108 abeunt.
1082 2069 1255 2119 Denique
1274 2068 1467 2118 utrimque

185 2137 362 2187 proelium
381 2148 457 2172 nox
477 2135 642 2182 diremit.

266 2199 375 2238 LXI.
408 2198 591 2236 Metellus
611 2203 811 2248 postquam
832 2197 938 2235 videt
957 2197 1101 2234 frustra
1121 2196 1325 2244 inceptum,
1344 2207 1467 2246 neque

187 2264 367 2314 oppidum
388 2262 483 2312 capi,
505 2263 650 2311 ¹neque
678 2261 915 2310 Jugurtham
944 2259 1018 2297 nisi
1048 2272 1095 2296 ex
1126 2258 1276 2295 insidiis
1306 2262 1374 2295 aut
1401 2270 1469 2296 suo

187 2326 270 2365 loeo
289 2339 454 2377 pugnam
473 2325 608 2374 facere,
629 2329 668 2362 et
683 2325 763 2374 jam
784 2329 956 2362 aestatem
978 2327 1149 2360 exactam
1171 2334 1264 2370 esse,
1280 2321 1328 2359 ab
1349 2321 1469 2359 Zama

188 2389 363 2439 discedit,
382 2394 422 2427 et
441 2389 479 2426 in
509 2388 568 2426 his
595 2387 766 2436 urbibus,
785 2400 872 2437 quae
901 2386 948 2424 ad
979 2398 1018 2423 se
1050 2385 1280 2433 defecerant,
1299 2383 1469 2435 satisque
