1572 2592
131 179 179 214 38
478 191 519 215 c.
571 192 750 218 CRISPI
798 193 1079 219 SALLUSTII

130 303 250 342 eoque
268 291 391 340 magis
411 298 631 342 properaret
651 293 698 330 ad
728 294 862 331 urbem
893 294 1085 344 accedere,
1104 307 1178 346 quo
1206 300 1247 334 et
1273 301 1414 336 cetero-

114 368 214 391 rum
234 355 380 391 animos
399 356 581 404 reficeret,
602 362 640 393 et
660 357 719 392 illi
739 356 891 394 facilius
912 371 930 394 e
951 358 1122 406 periculo
1151 358 1412 409 eriperentur)

131 417 206 456 Sed
229 417 291 455 ubi
322 418 554 468 Tarquinius
584 419 763 457 Crassum
783 420 1004 470 nominavit,
1024 421 1215 458 hominem
1233 422 1414 474 nobilem,

130 482 306 518 maximis
345 483 504 531 divitiis,
535 496 682 520 summa
719 485 902 533 potentia,
933 485 1000 521 alii
1033 497 1114 522 rem
1144 485 1411 524 incredibilem

129 547 215 595 rati,
234 560 332 596 pars,
353 548 507 584 tametsi
535 562 666 586 verum
697 548 982 598 existimabant,
1002 554 1131 586 tamen
1157 549 1248 600 quia
1275 550 1315 587 in
1342 549 1414 587 tali

131 615 299 660 tempore
331 612 463 647 ‘'tanta
493 611 550 648 vis
581 611 746 649 hominis
775 612 897 661 magis
928 612 1112 649 leniunda
1141 626 1256 664 quam
1288 613 1414 662 exagi-

130 673 246 710 tanda
275 673 489 723 videbatur,
517 674 688 725 plerique
722 673 858 712 Crasso
889 688 936 711 cx
966 675 1130 724 negotiis
1159 675 1319 725 privatis
1351 675 1413 713 ob-

127 735 234 772 noxii
255 736 494 772 conclamant
514 739 522 756 ‘
539 737 703 774 indicem
723 737 863 774 falsum
881 741 984 786 esse,'
1006 738 1018 755 ⁶
1032 738 1154 788 deque
1173 750 1218 775 ea
1232 750 1273 775 re
1286 742 1414 788 postu-

129 797 211 834 lant
232 799 291 835 uti
310 800 507 836 referatur.
566 800 716 850 Itaque,
744 801 755 818 ⁷
770 801 991 837 consulente
1021 800 1215 848 Cicerone,
1234 801 1416 851 frequens

129 867 285 898 senatus
305 862 487 911 decernit,
507 864 514 883 ‘
531 863 730 914 Tarquinii
748 863 930 900 indicium
947 863 1085 900 falsum
1100 864 1235 913 videri,
1250 877 1411 918 eumque

130 925 168 960 in
181 925 343 962 vinculis
357 926 610 975 retinendum,
623 939 744 976 neque
759 927 923 976 amplius
939 932 1168 976 potestatem
1182 928 1412 977 faciundam,

128 987 203 1024 nisi
223 987 269 1024 de
291 1001 333 1024 eo
354 988 551 1036 indicaret,
571 990 679 1037 cujus
699 989 857 1026 consilio
878 995 1023 1026 tantam
1044 1003 1123 1026 rem
1151 995 1251 1026 esset
1278 990 1412 1027 menti-

91 1040 98 1055 ³
129 1053 214 1087 tus.’
271 1051 395 1087 Erant
423 1064 466 1088 eo
498 1057 680 1100 tempore,
699 1052 765 1101 qui
795 1052 1030 1097 aestimarent
1060 1052 1243 1089 indicium
1264 1052 1363 1090 illud
1391 1066 1413 1090 a

130 1113 173 1151 P.
207 1114 399 1150 Autronio
433 1114 704 1163 machinatum,
736 1127 811 1164 quo
843 1109 1006 1163 facilius,
1038 1115 1229 1164 appellato
1264 1114 1412 1165 Crasso,

129 1190 196 1226 per
234 1178 456 1214 societatem
493 1177 654 1226 periculi
691 1177 859 1227 reliquos
896 1176 1002 1213 illius
1038 1178 1211 1227 potentia
1251 1182 1407 1227 tegeret.

129 1239 214 1276 Alii
243 1240 494 1289 Tarquinium
523 1253 544 1276 a
567 1239 748 1278 Cicerone
778 1239 1014 1275 ⁸immissum
1043 1239 1207 1289 aiebant,
1226 1252 1273 1277 ne
1303 1239 1411 1278 Cras-

129 1316 204 1352 sus,
232 1316 335 1340 more
364 1316 431 1340 suo
451 1308 625 1351 suscepto
654 1302 839 1338 malorum
869 1302 1091 1351 patrocinio,
1109 1314 1190 1340 rem
1218 1302 1410 1352 publicam

127 1366 383 1403 conturbaret.
460 1365 591 1414 Ipsum
632 1364 811 1402 Crassum
850 1378 918 1414 ego
963 1371 1095 1414 postea
1139 1365 1411 1415 praedicantem

127 1428 269 1478 audivi,
294 1433 466 1465 *tantam
497 1428 603 1465 illam
633 1429 903 1466 contumeliam
933 1428 1008 1466 sibi
1033 1441 1055 1465 a
1085 1427 1266 1466 Cicerone
1294 1429 1411 1478 impo-

127 1492 264 1530 sitam.y

206 1554 359 1592 XLIX,
390 1554 466 1592 Sed
486 1554 621 1591 iisdem
642 1554 877 1604 temporibus
907 1554 974 1599 ¹Q.
1000 1547 1161 1604 Catulus
1189 1558 1228 1591 et
1254 1553 1294 1592 C.
1317 1553 1408 1591 Piso

131 1621 250 1667 neque
269 1617 457 1666 precibus,
476 1630 598 1667 neque
628 1617 764 1666 gratia,
783 1630 906 1668 neque
935 1617 1059 1666 pretio
1092 1616 1314 1655 Ciceronem
1343 1617 1410 1654 im-

130 1681 270 1731 pellere
290 1687 459 1731 potucre,
478 1682 536 1718 uti
567 1694 634 1730 per
664 1682 895 1731 Allobroges
926 1687 993 1718 aut
1022 1681 1140 1718 alium
1171 1681 1336 1718 indicem
1366 1679 1406 1719 C.

130 1743 258 1782 Caesar
284 1743 380 1780 falso
410 1745 681 1781 nominaretur.
739 1745 839 1782 Nam
871 1749 1031 1794 uterque
1062 1757 1148 1781 cum
1179 1743 1247 1781 illo
1275 1755 1409 1794 graves

127 1806 351 1843 inimicitias
380 1806 608 1855 exercebat,
645 1807 737 1843 Piso
757 1808 1023 1856 ²oppugnatus
1056 1807 1095 1843 in
1125 1806 1271 1856 judicio
1299 1817 1409 1856 pecu-

127 1870 274 1908 niarum
295 1869 605 1918 repetundarum,
625 1875 779 1919 propter
805 1870 1004 1918 cujusdam
1035 1868 1297 1919 Transpadani
1325 1881 1409 1919 sup-

127 1932 282 1984 plicium
319 1932 526 1980 injustum,
571 1931 733 1970 Catulus
759 1945 806 1968 ex
825 1932 1011 1982 petitione
1043 1931 1288 1981 pontificatus
1319 1929 1408 1968 odio

127 1995 313 2042 incensus,
332 1995 434 2044 quod
454 2000 626 2031 extrema
645 2000 771 2043 aetate,
790 1995 968 2032 maximis
989 1994 1195 2032 honoribus
1213 2005 1315 2039 usus,
1334 1993 1346 2011 ⁸
1359 1993 1407 2031 ab

129 2058 411 2096 adolescentulo
458 2058 608 2096 Oaesare
653 2059 778 2096 victus
817 2059 1052 2096 discesserat.
1127 2057 1232 2095 ⁴Res
1278 2061 1407 2094 autem

128 2127 338 2172 opportuna
356 2121 570 2170 videbatur,
589 2122 690 2171 quod
710 2122 743 2159 is
770 2122 951 2172 privatim
980 2121 1132 2172 egregia
1158 2119 1407 2171 liberalitate,

130 2184 303 2236 ‘publice
327 2183 505 2220 maximis
536 2185 757 2222 muneribus
787 2185 970 2234 grandem
999 2182 1198 2234 pecuniam
1229 2182 1403 2221 debebat.

127 2245 203 2283 Sed
223 2247 290 2284 ubi
323 2246 516 2283 consulem
549 2246 597 2283 ad
624 2251 774 2284 tantum
802 2248 950 2284 facinus
977 2246 1174 2296 impellere
1199 2250 1405 2296 nequeunt,

125 2310 223 2359 ‘ipsi
252 2309 475 2359 singulatim
504 2309 784 2358 circumeundo,
813 2315 927 2360 atque
966 2308 1223 2358 ementiundo,
1252 2321 1338 2359 quae
1365 2321 1406 2347 se

125 2386 174 2411 ex
205 2372 409 2411 Volturcio
439 2378 507 2410 aut
538 2372 814 2422 Allobrogibus
844 2372 996 2411 audisse
1026 2371 1208 2420 dicerent,
1227 2383 1404 2422 magnam
