1586 2600
643 210 951 236 JUGUR'IHA.
1230 191 1242 199 ⁷
1407 201 1457 238 63

144 313 356 354 contendit.
415 314 517 352 Tum
557 314 587 352 J
588 314 771 365 ugurtha,
806 313 998 365 ⁶patratis
1032 312 1218 363 consiliis,
1250 318 1457 365 postquam

143 379 270 418 omnis
290 379 491 417 Numidiae
510 379 745 430 potiebatur,
760 379 800 416 in
821 380 901 416 otio
921 378 1072 416 facinus
1094 391 1206 416 suum
1224 391 1312 415 cum
1328 379 1457 417 aninlo

144 448 341 494 reputans,
361 443 499 480 timere
519 443 705 493 populum
735 442 968 491 Romanum,
988 455 1113 493 neque
1143 442 1330 480 adversus
1359 442 1456 479 iram

145 509 230 559 ejus
248 507 513 560 usquam,nisi
533 507 573 544 in
594 507 759 545 avaritia
777 507 998 545 nobilitatis
1015 512 1054 544 et
1070 506 1235 556 pecunia
1256 519 1336 555 sua,
1350 519 1455 556 spem

145 571 297 611 habere.
357 573 498 624 Itaque
519 572 652 623 paucis
674 572 813 610 diebus
833 585 920 609 cum
948 584 1042 609 auro
1072 576 1112 609 et
1140 576 1302 621 argento
1330 571 1457 608 multo

145 637 296 688 legatos
311 637 478 676 Romam
499 637 637 687 mittit,
654 638 666 655 ⁸
679 642 767 688 quis
787 637 983 687 praecepit,
1001 636 1171 687 primum
1193 636 1276 674 ‘uti
1304 642 1457 675 veteres

146 702 291 740 amicos
320 702 547 740 muneribus
578 701 772 752 expleant,
802 701 942 739 deinde
977 714 1096 739 novos
1127 701 1343 752 acquirant,
1374 714 1457 751 pos-

146 771 271 804 tremo
291 779 529 818 quaecunque
550 766 699 816 possint
730 765 936 816 largiundo
955 778 1103 815 parare,
1123 778 1172 802 ne
1199 767 1456 802 cunctentur.'

148 830 226 871 Sed
246 831 314 870 ubi
334 831 501 872 Romam
522 831 642 881 legati
662 844 814 880 venere,
835 836 874 868 et
894 843 941 868 ex
961 835 1154 880 praecepto
1181 830 1286 880 regis
1306 831 1317 848 ⁷
1332 830 1457 880 hospi-

147 896 253 935 tibus
273 895 450 948 aliisque,
469 910 633 947 quorum
663 909 708 934 ea
737 901 970 946 tempestate
1003 897 1042 933 in
1075 901 1212 934 senatu
1242 896 1457 934 auctoritas

146 960 331 1011 pollebat,
350 974 490 1011 magna
510 974 671 998 munera
690 961 842 1010 misere,
862 965 973 998 tanta
1001 961 1256 998 commutatio
1285 961 1456 1010 incessit,

147 1024 209 1061 uti
228 1036 276 1061 ex
303 1025 474 1062 maxima
504 1025 652 1063 invidia
681 1025 722 1062 in
754 1026 929 1075 gratiam„
957 1031 998 1062 et
1030 1025 1202 1063 favorem
1235 1025 1457 1063 nobilitatis

149 1087 351 1138 *Iugurtha
383 1089 544 1138 veniret,
573 1102 736 1139 quorum
770 1102 859 1139 pars
893 1102 971 1138 spe,
1000 1089 1069 1126 alii
1102 1090 1261 1140 praemio
1294 1090 1457 1140 inducti,

149 1152 321 1202 singulos
341 1165 390 1190 ex
410 1158 547 1203 senatu
566 1153 776 1191 ambiundo
795 1153 1035 1203 nitebantur,
1055 1167 1103 1191 ne
1123 1154 1280 1204 gravius
1307 1154 1347 1190 in
1368 1167 1456 1191 eum

147 1217 424 1256 consuleretur.
484 1218 614 1268 Igitur
645 1218 714 1256 ubi
745 1217 867 1268 legati
899 1218 1021 1256 ”satis
1050 1219 1258 1266 confidunt,
1280 1218 1342 1256 die
1372 1231 1457 1256 con-

146 1282 287 1321 stituto
326 1287 484 1320 senatus
522 1283 698 1334 utrisque
738 1283 863 1320 datur.
937 1283 1038 1320 Tum
1078 1282 1346 1320 Adherbalem
1384 1282 1456 1320 hoc

145 1346 259 1384 modo
278 1345 453 1383 locutum
474 1346 691 1396 accepimus
708 1359 714 1382 :

225 1409 343 1448 XIV.
375 1409 551 1447 “Patres
572 1410 792 1460 conscripti,
815 1409 981 1460 Micipsa
1009 1414 1121 1460 pater
1149 1422 1258 1447 meus
1287 1410 1456 1448 moriens

146 1473 243 1511 mihi
262 1474 447 1524 praecepit
483 1475 490 1494 ‘
508 1475 516 1491 ¹
531 1474 591 1511 uti
611 1474 722 1524 regni
743 1474 944 1512 Numidiae
975 1475 1246 1512 tantummodo
1278 1488 1457 1524 procura-

146 1539 290 1577 tionem
312 1539 576 1576 existimarem
607 1552 744 1588 meam,
765 1544 938 1576 ceterum
968 1540 1033 1589 jus
1065 1544 1103 1576 et
1135 1539 1341 1589 imperium
1371 1540 1455 1588 ejus

145 1616 262 1655 penes
282 1617 350 1642 vos
370 1617 474 1641 esse:
506 1603 623 1641 simul
643 1604 813 1640 eniterer
829 1603 934 1640 domi
954 1603 1184 1654 militiaeque
1204 1617 1319 1654 quam
1336 1603 1456 1640 maxi-

144 1681 207 1706 mo
235 1669 323 1706 usui
353 1681 436 1706 esse
466 1669 608 1718 populo
636 1668 837 1716 Romano3
879 1681 947 1706 vos
978 1668 1075 1704 mihi
1105 1673 1370 1718 cognatorum,
1388 1680 1457 1706 vos

144 1732 315 1770 affinium
345 1732 428 1770 loco
457 1733 662 1770 ducerem:
705 1732 738 1770 si
769 1745 813 1769 ea
842 1731 1031 1781 fecissem,
1051 1732 1091 1769 in
1122 1738 1252 1769 vestra
1282 1731 1457 1770 amicitia

145 1797 374 1844 exercitum,
387 1796 557 1845 divitias,
570 1797 813 1834 munimenta
832 1797 943 1847 regni
963 1809 1024 1834 me
1040 1796 1288 1834 habiturum.'
1332 1797 1344 1814 ²
1359 1795 1456 1842 Quae

146 1873 266 1911 quum
286 1865 481 1911 praecepta
500 1860 673 1910 parentis
694 1860 771 1897 mei
792 1860 993 1910 agitarem,
1015 1860 1043 1898 J
1047 1860 1228 1910 ugurtha,
1244 1860 1358 1897 homo
1379 1873 1455 1897 om-

143 1925 264 1974 nium,
285 1938 382 1976 quos
402 1930 507 1962 terra
528 1925 707 1974 sustinet,
728 1924 1064 1975 sceleratissimus,
1084 1930 1308 1975 contempto
1338 1925 1456 1975 impe-

143 1989 202 2028 rio
221 1995 363 2038 vestro,
385 1989 605 2026 Masinissae
624 2002 686 2026 me
706 1994 898 2039 nepotem,
919 1995 959 2027 et
974 1991 1055 2039 jam
1078 1990 1126 2028 ab
1156 1990 1278 2039 stirpe
1307 1989 1455 2027 socium

143 2059 262 2106 atque
287 2054 454 2092 amicum
486 2053 620 2105 populi
650 2053 830 2104 Romani,
850 2067 968 2105 regno
998 2055 1243 2106 fortunisque
1276 2053 1456 2092 omnibus

144 2119 306 2170 expulit.
365 2119 499 2170 Atque
529 2132 611 2170 ego,
631 2119 1011 2170 patresconscripti,
1031 2119 1241 2171 ³quoniam
1271 2132 1316 2156 eo
1346 2118 1455 2155 mise-

143 2182 287 2221 riarum
307 2189 495 2222 venturus
515 2197 632 2233 eram,
652 2183 794 2222 vellem
814 2185 944 2235 potius
964 2185 1013 2222 ob
1041 2197 1128 2222 mea
1155 2197 1271 2235 quam
1302 2182 1350 2220 ob
1379 2195 1456 2219 ma—

143 2247 271 2286 iorum
309 2261 483 2286 meorum
518 2248 707 2287 beneficia
736 2261 847 2299 posse
881 2262 904 2286 a
935 2249 1046 2287 vobis
1086 2248 1276 2286 auxilium
1310 2251 1454 2296 petere,

145 2323 190 2349 ac
209 2313 376 2350 maxime
407 2313 540 2351 deberi
562 2313 658 2350 mihi
684 2313 870 2351 beneficia
890 2327 912 2351 a
931 2313 1073 2364 populo
1103 2313 1292 2359 Romano,
1312 2311 1454 2362 quibus

144 2387 221 2413 non
241 2389 393 2426 egerem
412 2390 419 2426 ;
451 2378 675 2427 secundum,
696 2391 740 2414 ea
761 2378 793 2415 si
814 2378 1074 2416 desideranda
1094 2383 1216 2426 erant,
1234 2377 1293 2413 uti
1309 2375 1454 2414 debitis

143 2444 284 2479 uterer.
342 2441 420 2480 Sed
439 2442 621 2494 quoniam
642 2455 777 2492 parum
799 2447 886 2481 tuta
906 2443 918 2461 ⁴
932 2457 1001 2494 per
1021 2456 1061 2481 se
1082 2442 1165 2493 ipsa
1189 2441 1364 2494 probitas
1383 2447 1454 2482 est.
