1566 2586
880 102 904 124 Ο

179 180 230 228 9'4
526 202 569 226 0.
618 201 798 227 cn1sr1
843 201 1147 228 sannusru.

179 302 327 341 saucios
359 315 444 339 cum
465 315 556 339 cura
585 303 718 350 reficit,
737 302 895 340 meritos
928 302 967 338 in
995 301 1138 351 proeliis
1170 314 1274 339 more
1304 300 1458 354 milities

177 367 304 415 donat,
338 367 535 404 universos
568 367 607 403 in
640 367 817 403 concione
852 366 995 414 laudat,
1025 371 1139 416 atque
1177 366 1258 415 agit
1286 366 1454 415 gratias:

176 430 363 478 hortatur,
383 430 453 466 ‘ad
474 435 611 476 cetera,
627 442 711 479 quae
731 429 831 466 levia
851 434 950 477 sunt,
963 441 1092 477 parem
1110 428 1278 466 animum
1298 419 1477 478 gerant:⁴

174 505 241 541 pro
261 492 421 530 victoria
441 491 534 528 satis
551 493 630 540 jam
651 496 874 540 pugnatum,
887 491 1054 541 reliquos
1073 490 1222 528 labores
1241 503 1308 540 pro
1327 491 1457 540 praeda

174 555 277 591 fore.'
334 555 479 591 Tamen
514 554 668 591 interim
700 555 920 603 transfugas
949 559 987 591 et
1007 554 1103 591 alios
1123 561 1365 603 opportunos,
1385 554 1456 591 Ju—

172 618 313 666 gurtha
334 618 402 655 ubi
432 618 618 666 gentium,
637 622 705 654 aut
724 618 818 668 quid
838 618 1015 666 agitaret,
1035 630 1122 654 cum
1142 615 1323 666 pauoi‘sue
1343 621 1455 666 esset,

173 694 220 717 an
251 681 463 717 exercit-um
493 681 665 729 haberet,
685 686 730 717 ut
750 693 831 717 sese
852 671 978 717 victus
997 685 1159 729 gereret,
1187 680 1200 698 ²
1213 679 1454 729 exploratum

171 743 287 779 misit.
346 743 402 780 At
424 743 489 779 ille
511 755 592 780 sese
615 743 653 779 in
682 743 765 780 loca
785 742 955 780 saltuosa
975 747 1014 779 et
1033 748 1170 779 natura
1190 742 1338 779 munita
1356 754 1455 779 rece·

170 811 290 855 perat,
310 806 438 856 ibique
472 806 483 823 ³
497 806 657 855 cogebat
677 806 886 842 exercitum
907 817 1063 841 numero
1083 804 1279 841 hominum
1299 803 1454 853 amplio-
1483 840 1490 846 ,

170 880 262 916 rem,
278 868 344 904 sed
365 867 541 904 hebetem
562 868 838 917 infirmumque,
858 866 940 916 agri
960 879 1002 903 ac
1031 866 1178 915 pecoris
1198 865 1319 914 magis
1338 878 1449 916 quam

169 928 261 967 belli
281 930 473 966 cultorem.
532 929 580 966 Id
609 930 678 965 ‘ea
705 929 830 978 gratia
860 928 1070 976 eveniebat,
1096 926 1198 978 quod
1230 932 1368 976 praeter
1397 940 1453 965 re·

168 992 251 1042 gios
284 993 432 1042 equites
465 1005 576 1029 nemo
614 992 783 1028 omnium
824 991 1082 1028 Numidarum
1117 1003 1164 1027 ex
1197 990 1289 1038 fuga
1321 1002 1448 1038 regem

168 1054 363 1104 sequitur,
393 1067 468 1104 quo
488 1056 672 1104 cujusque
693 1054 843 1091 animus
862 1054 950 1102 fert,
970 1065 1014 1090 eo
1035 1053 1248 1101 discedunt,
1267 1065 1389 1102 neque
1410 1051 1452 1088 id

167 1117 357 1166 flagitium
390 1117 544 1154 militiae
577 1117 753 1165 ducitur,
796 1117 851 1153 ita
882 1129 921 1154 se
954 1129 1078 1153 mores
1112 1115 1263 1153 habent.
1321 1115 1451 1164 Igitur

169 1178 353 1215 Metellus
380 1179 448 1216 ubi
478 1180 489 1196 ⁶
502 1179 609 1216 videt
628 1179 829 1216 etiamtum
850 1178 953 1227 regis
981 1178 1149 1215 animum
1170 1178 1335 1214 ferocem
1356 1189 1449 1226 esse,

166 1241 311 1279 bellum
331 1243 518 1290 renovari,
533 1243 635 1292 quod
654 1242 728 1278 nisi
749 1255 796 1278 ex
817 1242 921 1278 illius
941 1241 1101 1278 libidine
1119 1241 1202 1290 geri
1220 1253 1294 1277 non
1309 1244 1448 1290 posset,

165 1310 351 1354 praeterea
384 1305 555 1355 iniquum
588 1310 781 1341 certamen
801 1304 874 1341 sibi
901 1317 985 1340 cum
1017 1303 1202 1351 hostibus,
1221 1303 1366 1340 minore
1387 1302 1448 1339 de-

165 1369 348 1405 trimento
368 1367 456 1405 illos
474 1368 587 1415 vinci,
606 1381 719 1417 quam
740 1379 828 1403 suos
856 1366 1018 1413 vincere,
1038 1366 1177 1403 statuit
1207 1378 1282 1402 non
1301 1365 1446 1415 proeliis

163 1443 287 1481 neque
308 1431 347 1467 in
368 1431 462 1479 acie,
483 1430 550 1467 sed
579 1429 654 1467 alio
675 1442 777 1466 more
802 1429 945 1467 bellum
965 1429 1188 1478 gerundum.
1246 1429 1385 1478 Itaque
1405 1428 1446 1464 in

165 1493 201 1530 N
205 1493 361 1530 umidiae
397 1493 480 1530 loca
515 1492 806 1542 opulentissima
839 1492 977 1541 pergit,
1008 1504 1118 1540 agros
1154 1497 1291 1539 vastat,
1323 1490 1446 1528 multa

163 1555 322 1592 castella
342 1559 380 1591 et
400 1555 548 1604 oppida,
578 1555 589 1572 ⁰
603 1560 747 1591 temere
767 1554 915 1590 munita
935 1558 1002 1590 aut
1022 1554 1102 1590 sine
1133 1554 1323 1603 praesidio,
1342 1553 1445 1602 capit

162 1618 432 1667 incenditque,
476 1617 637 1666 puberes
668 1616 832 1653 interfici
859 1616 981 1665 jubet,
1012 1615 1088 1652 alia
1118 1615 1244 1652 omnia
1274 1615 1444 1652 militum

161 1681 329 1730 praedam
363 1693 454 1717 esse.
530 1681 541 1698 ⁷
557 1680 615 1717 Ea
647 1679 852 1716 formidine
889 1679 1005 1715 multi
1042 1678 1224 1716 mortales
1257 1678 1444 1716 Romanis

161 1742 283 1779 dediti
303 1742 456 1779 obsides
473 1755 479 1790 ;
510 1742 745 1778 frumentum
767 1746 805 1778 et
825 1741 911 1789 alia,
931 1753 1016 1790 quae
1034 1740 1120 1777 usui
1141 1741 1276 1789 forent,
1297 1740 1442 1778 affatim

158 1806 341 1856 praebita,
372 1807 603 1855 ubicumque
624 1818 685 1842 res
704 1804 937 1854 postulabat,
956 1804 1179 1853 praesidium
1208 1804 1438 1853 impositum.

159 1869 172 1888 ⁸
188 1868 285 1915 Quae
313 1869 467 1918 negotia
486 1868 609 1905 multo
628 1868 762 1916 magis,
783 1880 897 1917 quam
917 1867 1092 1916 proelium
1112 1867 1212 1904 male
1230 1873 1441 1917 pugnatum

159 1932 207 1971 ab
238 1931 327 1979 suis,
347 1943 474 1980 regem
508 1930 725 1967 terrebant:
755 1930 895 1980 quippe
930 1930 991 1966 cui
1025 1942 1109 1979 spes
1129 1930 1252 1967 omnis
1281 1930 1320 1966 in
1349 1930 1440 1979 fuga

159 1994 232 2031 sita
261 1998 355 2042 erat,
375 1993 483 2042 sequi
515 1992 746 2042 cogebatur,
778 1997 827 2041 et,
847 1992 914 2042 qui
946 2005 1015 2029 sua
1047 1991 1131 2028 loca
1156 1991 1359 2029 defendere
1378 2004 1439 2029 ne-

157 2056 343 2106 quiverat,
364 2055 403 2091 in
423 2054 558 2091 alienis
578 2054 722 2091 bellum
743 2067 885 2103 gerere.
944 2054 1088 2090 Tamen
1109 2055 1121 2072 ⁹
1134 2066 1181 2091 ex
1201 2053 1318 2103 copia,
1336 2054 1438 2104 quod

159 2119 345 2168 optimum
365 2117 579 2165 videbatur,
600 2111 804 2154 consiliuffi
822 2117 940 2166 capit:
972 2116 1183 2153 exercitum
1213 2115 1437 2166 plerumque

158 2183 196 2219 in
218 2182 354 2219 iisdem
383 2181 478 2218 locis
511 2180 676 2229 opperiri
693 2180 826 2228 jubet,
857 2179 938 2228 ipse
958 2191 1041 2215 cum
1063 2177 1222 2215 delectis
1242 2178 1437 2228 equitibus

159 2245 363 2283 Metellum
394 2243 579 2294 sequitur,
599 2242 797 2280 nocturnis
817 2247 855 2278 et
886 2241 981 2278 aviis
1004 2239 1208 2277 itineribus
1238 2240 1436 2289 ignoratus

157 2309 350 2351 Ronmos
384 2307 558 2357 palantes
591 2309 747 2354 repente
780 2303 1012 2353 aggreditur.
1080 2301 1224 2339 Eorum
1262 2301 1435 2353 plerique

156 2372 321 2408 inermes
350 2371 503 2419 cadunt,
521 2368 635 2406 multi
669 2368 882 2417 capiuntur,
913 2378 1023 2404 nemo
1060 2364 1228 2402 omnium
1266 2365 1434 2402 intactus
1470 2393 1475 2396 -
