1566 2586
675 219 982 245 JUGURTHA.
1414 211 1464 247 95

140 321 316 374 profugit
333 335 340 372 ;
373 327 413 360 et
434 322 630 371 Numidae,
661 323 927 374 ¹⁰priusquam
947 336 996 360 ex
1017 322 1158 360 eastris
1178 322 1462 375 subveniretur,

141 385 260 444 gieuti
277 386 378 435 jussi
399 391 522 435 erant,
542 386 582 422 in
610 386 809 436 proximos
830 386 949 424 colles
970 386 1186 423 discedunt.

200 448 308 505 *LV.
353 448 522 487 Interim
555 449 693 487 Romae
723 450 911 503 gaudium
946 450 1082 500 ingens
1116 455 1257 499 ortum,
1288 450 1460 500 cognitis

140 512 297 552 Metelli
317 513 456 564 rebus3
490 515 500 531 ¹
513 519 558 551 ut
579 527 696 566 seque
711 519 751 552 et
771 515 989 552 exercitum
1011 527 1117 552 more
1138 516 1330 563 majorum
1351 527 1458 564 gere-

137 582 209 628 ret,
229 578 269 615 in
289 578 451 617 adverso
478 578 574 628 loco,
594 579 719 617 vietor
739 584 871 616 tamen
901 579 1051 617 virtute
1085 579 1249 629 fuisset;
1282 579 1455 617 hostium

137 655 231 692 agro
264 643 469 693 potiretur,
497 643 752 694 Jugurtham,
782 643 1031 694 magnifieum
1067 657 1115 681 ex
1137 643 1234 681 Auli
1267 644 1456 694 socordia,

137 718 244 756 spem
265 706 405 744 salutis
427 707 467 744 in
488 707 701 745 solitudine
731 713 799 745 aut
831 708 924 758 fuga
944 707 1139 757 coegisset
1159 707 1312 746 habere.
1374 708 1455 746 Ita-

135 783 211 822 que
234 775 392 808 senatus
412 770 462 809 ob
483 783 528 808 ea
547 771 718 808 feliciter
738 777 825 808 aeta
846 771 906 808 dis
928 771 1218 809 immortalibus
1238 771 1251 789 ²
1265 772 1455 822 supplicia

123 833 365 883 ‹decernere;
388 834 538 884 civitas,
554 835 706 885 trepida
726 841 843 872 antea
864 840 903 872 et
923 835 1094 872 sollicita
1115 835 1162 872 de
1183 835 1279 874 belli
1299 842 1454 886 eventu,

133 896 225 936 laeta
253 910 394 948 agere3
425 898 530 936 fama
561 899 609 936 de
645 899 809 936 Metello
844 899 1031 949 praeelara
1066 912 1159 936 esse.
1203 899 1350 950 'Igitur
1380 901 1451 938 ’eo

133 961 323 1000 intentior
341 962 391 1000 ad
411 962 616 1001 victoriam
637 963 723 1012 niti,
740 963 920 1001 omnibus
936 963 1062 1000 modis
1082 963 1292 1014 festinare3
1316 977 1451 1002 cavere

133 1030 277 1076 tamen,
308 1026 449 1064 necubi
489 1026 594 1064 hosti
636 1032 879 1077 opportunus
916 1027 1049 1076 fieret3
1092 1028 1329 1073 meminisse,
1362 1034 1451 1079 post

131 1089 297 1140 gloriam
317 1090 504 1128 invidiam
535 1091 653 1142 sequi.
713 1091 779 1129 Ita
798 1091 811 1109 ⁴
824 1104 899 1142 quo
921 1091 1072 1140 clarior,
1094 1104 1139 1130 eo
1163 1092 1288 1142 magis
1309 1093 1450 1131 anxius

131 1159 227 1204 erat,
247 1168 372 1206 neque
392 1160 481 1206 post
502 1156 665 1193 insidias
683 1156 711 1195 J
714 1156 895 1206 ugurthae
916 1157 1037 1194 effuso
1058 1157 1236 1194 exercitu
1255 1157 1446 1207 praedari:

130 1219 197 1258 ubi
230 1220 427 1273 fruniento
461 1226 530 1258 aut
560 1220 703 1270 pabulo
736 1234 831 1270 opus
871 1226 966 1270 erat⁷
1002 1221 1181 1258 cohortes
1210 1234 1297 1259 eum
1339 1221 1447 1260 omni

129 1284 308 1335 equitatu
327 1284 554 1334 praesidium
575 1285 802 1334 agitabant:
837 1285 1034 1322 exereitus
1063 1290 1216 1335 partem
1244 1285 1338 1336 ipse,
1357 1286 1446 1324 reli-

127 1361 223 1400 quos
245 1347 395 1386 Marius
417 1349 594 1386 ducebat.
653 1348 731 1387 Sed
768 1349 850 1399 igni
882 1349 1006 1399 magis
1036 1362 1153 1400 quam
1182 1349 1315 1399 praeda
1352 1362 1446 1400 ager

126 1412 364 1450 vastabatur.
416 1413 428 1430 ⁶
442 1412 605 1451 Duobus
625 1413 721 1450 loeis
741 1413 845 1450 haud
867 1413 981 1463 longe
1002 1413 1105 1451 inter
1121 1426 1161 1451 se
1182 1418 1310 1451 castra
1330 1413 1445 1451 facie-

125 1476 241 1515 bant:
271 1477 339 1516 ubi
360 1477 398 1515 vi
427 1490 523 1527 opus
559 1481 653 1526 erat,
674 1477 805 1514 cuncti
826 1477 989 1515 aderant
1006 1490 1012 1526 ;
1046 1482 1232 1527 ceterum,
1252 1490 1328 1528 quo
1349 1477 1444 1528 fuga

125 1545 243 1592 atque
268 1541 436 1579 formido
465 1540 586 1578 latius
620 1546 822 1589 cresceret,
850 1541 994 1579 diversi
1029 1541 1207 1591 agebant.
1267 1541 1326 1579 Eo
1347 1546 1443 1579 tem-

123 1617 216 1654 pore
246 1605 258 1623 ⁶
276 1604 306 1643 J
308 1605 480 1655 ugurtha
507 1618 576 1654 per
596 1605 716 1642 colles
737 1597 859 1656 sequi,
880 1610 1034 1655 tempus
1063 1611 1131 1642 aut
1151 1605 1280 1642 locum
1300 1619 1441 1656 pugnae

124 1681 309 1718 quaerere,
328 1681 406 1719 qua
433 1673 643 1706 venturum
673 1668 824 1706 hostem
847 1669 1038 1718 audierat,
1058 1669 1245 1719 pabulum
1267 1675 1307 1707 et
1326 1683 1440 1721 aqua-

123 1745 210 1770 rum
240 1731 380 1780 fontes,
413 1735 577 1782 quorum
612 1731 775 1781 penuria
809 1737 905 1782 erat,
937 1745 1209 1783 corrumpere3
1251 1734 1366 1772 modo
1398 1747 1440 1773 se

124 1795 299 1845 Metello,
334 1795 531 1833 interdum
567 1795 694 1833 Mario
726 1783 943 1847 ostendere,
975 1802 1172 1847 postremo
1209 1798 1250 1835 in
1283 1799 1438 1848 agmine

123 1865 288 1909 tentare,
308 1872 351 1897 ae
381 1859 515 1897 statim
548 1859 589 1896 in
622 1859 742 1897 colles
768 1860 934 1910 regredi,
954 1874 1090 1898 rursus
1110 1861 1212 1911 aliis,
1231 1867 1320 1912 post
1348 1862 1438 1902 aliis

122 1924 310 1974 minitari,
331 1936 456 1974 neque
490 1923 670 1973 proelium
690 1924 831 1974 faeere,
852 1938 979 1976 neque
1000 1925 1124 1963 otium
1152 1925 1246 1976 pati,
1267 1931 1438 1965 tantum·

121 1989 236 2028 modo
256 1979 408 2026 hostem
429 1987 478 2026 ab
499 1987 652 2038 incepto
671 1988 848 2027 retinere.

202 2053 314 2091 LVI.
347 2053 549 2090 Romanus
583 2052 797 2102 imperator
826 2052 895 2091 ubi
914 2066 970 2107 ‘se
1002 2053 1104 2092 dolis
1134 2053 1295 2104 fatigari
1314 2054 1435 2105 videt,

119 2131 244 2170 neque
279 2117 328 2156 ab
367 2117 479 2155 hoste
511 2116 661 2167 copiam
695 2117 895 2167 pugnandi
928 2118 1023 2167 fieri,
1060 2118 1220 2156 ¹urbem
1251 2131 1433 2168 magnam

120 2186 160 2219 et
180 2181 221 2218 in
241 2194 286 2218 ea
315 2186 439 2231 parte,
459 2194 536 2232 qua
565 2180 642 2218 sita
663 2184 759 2229 erat,
779 2193 908 2225 arcem
939 2182 1062 2232 regni,
1081 2181 1237 2220 nomine
1260 2182 1433 2232 Zamam,

120 2244 262 2283 statuit
291 2257 536 2295 oppugnare;
568 2248 689 2293 rame,
709 2243 750 2281 id
778 2244 882 2295 quod
911 2245 1114 2295 negotium
1144 2245 1340 2296 poscebat,
1361 2245 1434 2283 Ju-

119 2306 301 2356 gurtham
335 2306 609 2345 laborantibus
643 2306 724 2344 suis
754 2306 905 2346 auxilio
927 2313 1149 2357 venturum,
1169 2307 1303 2358 ibique
1337 2321 1433 2358 proe·

119 2368 218 2408 lium
237 2369 329 2408 fore.
387 2370 446 2408 At
475 2370 556 2420 ille,
584 2370 698 2421 ²quae
725 2370 975 2421 parabantur,
996 2385 1019 2409 a
1051 2371 1227 2422 perfugis
1258 2370 1432 2423 edoctus,

118 2433 271 2484 magnis
290 2433 497 2473 itineribus
528 2433 736 2472 Metellum
757 2435 978 2484 antevenit3
1011 2435 1224 2486 oppidanos
1239 2434 1431 2486 hortatur,
