1630 2626
273 181 322 216 72
583 194 662 219 ὀ.
711 196 891 222 olusrl
937 197 1218 222 SALLUSTn

270 293 336 330 ubi
365 294 621 343 comperisset,
641 295 775 333 sceleri
796 298 878 345 ejus
905 297 1054 335 obviam
1086 302 1180 336 isse:
1209 299 1391 349 populum
1413 300 1551 339 Roma·

270 369 358 392 num
398 358 543 407 ⁴neque
577 364 679 394 reete
707 372 828 408 neque
858 373 924 408 pro
964 359 1062 397 bono
1095 351 1300 410 facturum,⁴
1330 363 1362 400 si
1391 363 1439 402 ab
1463 365 1549 413 jure

268 419 440 467 gentium
461 433 541 457 sese
562 421 820 469 prohibuerit:
848 428 1038 471 postremo
1059 423 1106 460 de
1125 425 1300 462 omnibus
1319 425 1432 463 rebus
1452 426 1549 476 lega·

268 486 327 518 tos
349 481 510 518 Romam
542 483 647 520 brevi
680 482 908 521 misarum)
966 485 1030 522 Ita
1061 486 1238 537 ‘'utrique
1268 487 1544 537 digrediuntur.

267 544 502 582 Adherbalis
529 546 746 595 appellandi
767 548 875 596 copia
894 561 970 584 non
991 548 1074 585 fuit.

345 607 509 645 XXIII.
542 609 740 658 Jugurtha
759 609 826 646 ubi
859 623 922 649 eos
943 611 1078 648 Africa
1109 612 1315 650 decessisse
1344 619 1451 651 ratus
1479 619 1548 663 est,

267 671 413 720 ¹neque
445 677 598 720 propter
630 672 702 709 loci
735 678 912 709 naturam
936 673 1082 711 Cirtam
1115 675 1231 712 armis
1251 688 1468 725 expugnare
1487 690 1548 726 po-

266 740 352 779 test,
383 735 483 771 vallo
510 741 624 785 atque
659 736 760 773 fossa
794 737 931 774 moenia
961 738 1185 787 circumdat,
1215 744 1342 776 turres
1371 741 1547 790 exstruit,

263 809 401 846 easque
421 797 611 845 praesidiis
627 799 790 837 ,firmatz
821 805 1007 848 praeterea
1037 800 1118 837 dies
1149 806 1356 852 noctesque
1387 791 1547 853 eumer

262 859 349 896 vim.
364 865 429 896 aut
446 860 544 896 dolis
565 865 735 908 tentare3
768 861 1030 899 defensoribus
1052 864 1231 900 moenium
1251 865 1408 914 praemia
1423 866 1546 915 modo,

262 923 373 959 modo
408 923 650 960 formidinem
684 930 901 973 ostentare3
944 939 1031 962 suos
1064 926 1251 964 hortando
1282 928 1330 964 ad
1362 928 1545 966 virtutem

261 988 449 1036 arrigere;
494 1001 647 1037 prorsus
679 989 848 1026 intentus
880 996 1017 1026 cuneta
1046 1003 1188 1039 parare.
1247 991 1449 1029 Adherbal
1479 993 1546 1031 ubi

261 1050 453 1099 intellegit
473 1064 602 1087 omnes
633 1064 719 1088 suas
753 1053 924 1089 fortunas
957 1053 996 1089 in
1031 1058 1202 1091 extremo
1237 1055 1342 1102 sitas⁷
1369 1054 1546 1093 'hostem

261 1113 454 1162 infestum,
471 1113 606 1150 auxilii
628 1127 732 1163 spem
753 1114 911 1163 nullam,
926 1116 1085 1164 penuria
1105 1129 1231 1154 rerum
1247 1118 1546 1164 necessariarum

259 1176 403 1213 bellum
436 1177 538 1213 trahi
558 1189 631 1214 non
653 1191 772 1226 posse,
793 1191 840 1214 ex
861 1178 918 1226 iis,
938 1179 1004 1228 qui
1023 1192 1098 1215 una
1119 1178 1267 1217 Cirtam
1287 1181 1545 1230 profugerant,

259 1239 365 1287 duos,
395 1239 561 1276 maxime
595 1240 778 1289 impigros
811 1240 980 1290 delegit3
1013 1254 1076 1278 eos
1108 1241 1231 1278 multa
1259 1242 1472 1291 pollicendo
1501 1256 1544 1280 ao

259 1302 475 1339 miserando
510 1315 639 1339 casum
673 1315 782 1339 suum
815 1303 1023 1352 confirmat,
1043 1304 1102 1340 uti
1135 1317 1202 1353 per
1235 1303 1401 1342 hostium
1425 1306 1545 1343 muni-

259 1365 383 1401 tiones
411 1371 527 1402 noctu
556 1365 603 1402 ad
634 1366 849 1414 proximum
884 1378 997 1412 mare,
1027 1366 1115 1403 dein
1147 1367 1309 1404 Romam
1330 1374 1541 1418 pergerent.

261 1428 441 1466 Numidae
460 1428 590 1478 paucis
610 1429 745 1466 diebus
771 1430 878 1477 jussa
897 1429 1086 1474 efficiunt,·
1122 1431 1133 1448 ³
1146 1431 1290 1469 litterae
1310 1432 1544 1470 Adherbalis

259 1493 298 1529 in
319 1497 452 1530 senatu
472 1492 655 1540 recitatae,
675 1506 834 1543 quarum
857 1494 1046 1530 sententia
1064 1494 1144 1532 haee
1172 1495 1256 1531 fuit.

338 1553 496 1592 XXIV.
527 1554 653 1591 “Non
686 1560 771 1591 mea
797 1555 910 1604 culpa
938 1569 1036 1605 saepe
1065 1556 1113 1593 ad
1142 1570 1209 1595 vos
1242 1562 1391 1596 oratum
1418 1558 1544 1608 mitto,

261 1622 389 1667 patres
419 1617 636 1666 conscripti,
670 1617 737 1654 sed
766 1618 824 1655 vis
859 1618 1068 1667 Jugurthae
1099 1619 1255 1668 subigit,
1289 1632 1402 1670 quem
1435 1625 1545 1659 tanta

261 1681 382 1719 libido
417 1680 688 1730 exstinguendi
716 1694 775 1717 me
807 1681 958 1730 invasit,
977 1681 1036 1718 uti
1065 1694 1188 1732 neque
1208 1695 1275 1719 vos
1303 1695 1426 1734 neque
1454 1683 1544 1722 deos

261 1743 496 1781 immortales
529 1745 538 1760 ¹
553 1743 591 1780 in
612 1744 738 1780 animo
758 1744 908 1790 habeat,
935 1744 1159 1794 sanguinem
1189 1757 1316 1782 meum
1335 1759 1450 1797 quam
1469 1759 1543 1784 om·

261 1806 325 1843 nia
353 1806 473 1843 malit.
532 1806 671 1856 Itaque
702 1807 880 1856 Quintum
907 1807 986 1854 jam
1007 1820 1176 1844 mensem
1197 1809 1322 1846 socius
1342 1813 1381 1846 et
1399 1810 1544 1848 amicus

261 1867 391 1918 populi
412 1867 577 1905 Romani
598 1868 714 1905 armis
734 1868 909 1906 obsessus
930 1874 1071 1918 teneor7
1086 1882 1209 1920 neque
1229 1870 1242 1888 ²
1255 1870 1350 1908 mihi
1370 1870 1543 1922 Micipsae

260 1932 381 1983 patris
423 1931 497 1968 mei
535 1931 729 1980 beneficia,
758 1944 881 1982 neque
917 1937 1046 1970 vestra
1087 1932 1241 1970 decreta
1278 1933 1539 1983 auxiliantur3

260 1996 361 2032 ferro
401 2007 448 2031 an
482 1994 582 2030 fame
612 1994 737 2031 acrius
757 2006 929 2043 urguear,
952 1995 1122 2032 incertus
1153 2008 1247 2032 sum.
1318 1994 1465 2033 ’Plura
1495 1997 1541 2034 de

262 2058 460 2108 ‘Iugurtha
493 2058 659 2095 scribere
698 2058 923 2095 dehortatur
964 2071 1024 2096 me
1067 2059 1221 2096 fortuna
1259 2071 1354 2108 mea,
1387 2064 1427 2096 et
1460 2061 1539 2109 jam

261 2127 374 2159 antea
393 2126 572 2171 expertus
593 2134 675 2158 sum
695 2135 828 2170 parum
857 2121 945 2158 fidei
975 2121 1125 2159 miseris
1152 2133 1255 2159 esse:
1286 2121 1387 2159 ‘nisi
1413 2127 1540 2161 tamen

260 2184 444 2233 intellego
473 2183 582 2220 illum
614 2196 737 2232 supra,
757 2197 870 2233 quam
901 2197 970 2233 ego
1001 2197 1096 2232 sum,
1114 2189 1255 2233 petere,
1272 2196 1395 2234 neque
1426 2185 1540 2222 simul

260 2246 469 2284 amicitiam
489 2251 655 2284 vestram
675 2250 714 2282 et
744 2259 901 2295 regnum
931 2260 1056 2283 meum
1085 2259 1255 2296 sperare:
1286 2246 1440 2284 ’utrum
1459 2259 1541 2296 gra-

259 2311 344 2347 vius
375 2310 582 2358 existimet,
600 2308 745 2346 nemini
778 2309 970 2346 occultum
997 2314 1063 2347 est.
1123 2309 1223 2346 Nam
1257 2309 1368 2347 initio
1401 2310 1540 2349 oceidit

261 2374 539 2425 Hiempsalem7
568 2374 727 2412 fratrem
761 2386 899 2424 meum,
932 2375 1021 2412 dein
1063 2373 1188 2425 patrio
1220 2384 1337 2424 regno
1380 2386 1441 2412 me
1479 2386 1539 2413 ex·
