1586 2586
646 168 930 194 CAr1L1NA.
1204 193 1209 202 x
1398 157 1450 194 23

130 273 257 313 valet:
286 277 424 312 eontra
443 272 525 311 illis
546 272 659 312 annis
678 277 796 324 atque
818 272 973 311 divitiis
993 271 1126 310 omnia
1151 277 1447 311 consenuerunt.
1470 299 1472 301 »

131 339 423 379 Tantummodo
456 339 611 390 incepto
641 351 738 390 opus
757 343 830 388 est,
860 339 1016 376 ⁹cetera
1039 350 1102 375 res
1122 337 1315 388 expediet.
1381 338 1450 375 Et-

131 405 236 443 enim
273 404 363 457 quis
400 403 641 454 mortalium,
679 403 743 441 cui
779 402 894 442 virile
934 402 1137 453 ingenium
1176 407 1247 452 est,
1281 401 1449 440 tolerare

130 475 270 522 potest,
285 468 367 507 illis
387 468 547 507 divitias
569 481 763 519 superare,
774 480 871 519 quas
890 467 1130 518 profundant
1149 466 1190 504 in
1211 466 1449 504 exstruendo

129 534 229 574 mari
249 538 289 572 et
319 533 518 571 montibus
538 532 797 584 coaequandis,
816 531 929 570 nobis
959 544 1041 569 rem
1072 530 1307 568 familiarem
1328 530 1447 568 etiam

129 598 180 637 ad
198 598 419 636 necessaria
448 597 610 635 deesse?
641 597 732 635 illos
762 596 878 635 binas
911 601 980 634 aut
1009 595 1178 647 amplius
1209 596 1344 634 domos
1364 608 1449 632 con·

129 663 295 712 tinuare,
333 662 446 700 nobis
495 661 618 699 larem
657 661 894 699 familiarem
938 674 1131 712 nusquam
1169 660 1295 698 ullum
1335 659 1446 697 esse'.2

130 727 261 775 Quum
294 727 463 778 tabulas,
497 727 619 778 signa,
663 728 690 746 ¹⁰
702 731 937 789 toreumata·
958 731 1105 777 emunt,
1139 739 1239 764 nova
1273 725 1448 774 diruunt,

129 794 207 832 alia
226 793 433 843 aedificant,
452 798 649 843 postremo
671 792 852 830 omnibus
884 792 1011 830 modis
1037 791 1241 842 pecuniam
1273 790 1448 841 trahunt,

128 864 285 909 vexant,
318 863 450 896 tamen
485 871 637 896 summa
663 857 830 895 libidine
854 857 1016 895 divitias
1045 857 1201 895 vincere
1234 860 1444 907 nequeunt.

129 923 189 962 At
206 923 319 962 nobis
338 928 398 961 est
418 922 523 960 domi
544 922 684 973 inopia,
699 922 795 960 foris
814 935 868 960 aes
888 921 1083 971 alienum;
1115 923 1138 940 ¹¹
1153 920 1257 959 mala
1272 934 1346 971 res,
1359 934 1447 971 spes

129 987 255 1026 multo
290 987 472 1038 asperior.
550 987 730 1038 Denique
764 986 859 1039 quid
897 986 1042 1038 reliqui
1080 986 1271 1024 habemus
1303 990 1447 1036 praeter

129 1051 313 1090 miseram
346 1051 542 1089 animam'ss
613 1051 640 1069 ¹²
654 1050 760 1096 Quin
803 1050 927 1101 igitur
960 1050 1309 1100 expergiscimini?
1382 1049 1446 1088 En

129 1115 211 1167 illa,
243 1115 325 1165 illa,
356 1128 474 1167 quam
504 1127 604 1165 saepe
638 1114 817 1166 optastis,
846 1114 1022 1164 libertas,
1052 1120 1246 1164 praeterea
1280 1114 1446 1164 divitiae,

130 1181 259 1231 decus,
277 1180 403 1232 gloria
423 1181 463 1218 in
483 1180 608 1218 oculis
634 1180 712 1218 sita
740 1185 841 1218 sunt.
902 1179 1078 1218 Fortuna
1113 1180 1139 1197 ¹³
1154 1179 1284 1217 omnia
1305 1192 1350 1216 ea
1369 1179 1445 1217 vie-

127 1245 279 1284 toribus
312 1244 473 1295 praemia
505 1244 645 1294 posuit.
730 1243 823 1293 Res,
858 1248 1024 1293 tempus,
1057 1243 1244 1294 pericula,
1279 1249 1446 1294 egestas,

125 1309 224 1349 belli
243 1308 367 1360 spolia
399 1308 604 1358 magnifica
638 1308 764 1358 magis
787 1315 914 1359 'quam
947 1308 1073 1346 oratio
1103 1321 1200 1356 mea,
1220 1321 1289 1346 vos
1320 1308 1345 1325 ¹⁴
1359 1307 1445 1346 hor-

126 1379 270 1413 tentur.
347 1373 426 1412 Vel
460 1373 694 1423 imperatore
729 1372 793 1410 vel
827 1372 955 1410 milite
991 1385 1052 1410 me
1087 1372 1271 1410 utimini:
1316 1385 1444 1423 neque

126 1439 279 1477 animus
308 1451 433 1490 neque
461 1450 600 1488 corpus
631 1450 654 1474 a
684 1436 796 1475 vobis
817 1436 955 1475 aberit.
1016 1436 1116 1475 Haeo
1137 1437 1233 1487 ipsa,
1253 1442 1299 1474 ut
1320 1449 1444 1487 spero,

125 1501 326 1543 vobiscum
356 1516 434 1541 una
453 1501 590 1541 consul
609 1515 746 1552 agam3
777 1501 855 1539 nisi
885 1501 988 1539 forte
1009 1515 1070 1538 me
1091 1501 1246 1539 animus
1265 1501 1382 1551 fallit,
1403 1506 1444 1539 et

123 1583 192 1609 vos
212 1572 357 1608 servire
378 1568 502 1619 magis
521 1581 638 1619 quam
659 1568 851 1618 imperare
871 1567 1000 1618 parati
1021 1567 1151 1605 estis.'²

205 1633 323 1671 XXI.
374 1633 590 1683 Postquam
628 1644 810 1682 accepere
849 1644 894 1668 ea
931 1631 1120 1680 homines,
1158 1631 1302 1682 quibus
1338 1630 1444 1669 mala

125 1697 279 1737 abunde
309 1696 438 1735 omnia
455 1686 585 1745 erant,
606 1695 675 1734 sed
707 1708 834 1746 neque
865 1708 927 1733 res
946 1708 1072 1746 neque
1100 1708 1188 1746 spes
1218 1695 1320 1734 bona
1347 1695 1443 1746 ulla,

125 1762 284 1801 tametsi
316 1761 399 1800 illis
450 1761 611 1813 ¹quieta
651 1773 806 1800 movere
846 1773 989 1810 magna
1029 1773 1179 1798 merces
1218 1761 1442 1812 videbatur,

124 1825 534 1878 tamenpostulavere
566 1825 755 1877 plerique,
786 1825 846 1862 uti
879 1830 1124 1876 proponeret,
1145 1839 1233 1877 quae
1266 1826 1442 1864 conditio

123 1891 220 1931 belli
238 1891 352 1942 foret,
371 1903 459 1942 quae
477 1890 638 1941 praemia
663 1890 784 1928 armis
814 1894 1006 1940 peterent,
1035 1890 1159 1942 ²quid
1178 1890 1326 1942 ubique
1356 1891 1442 1942 opis
1470 1909 1474 1916 r

124 1961 193 1995 aut
212 1956 294 2007 spei
322 1955 524 1993 haberent.
584 1954 686 1992 Tum
708 1953 881 1993 Catilina
900 1954 1078 2004 polliceri
1107 1955 1119 1972 ³
1134 1955 1291 1993 tabulas
1309 1968 1441 2006 novas,

121 2021 447 2074 proscriptionem
477 2019 744 2070 locupletium,
776 2021 1043 2071 magistratus,
1075 2021 1307 2071 sacerdotia,
1341 2021 1441 2071 rapi-

122 2098 203 2135 nas,
236 2084 315 2122 alia
348 2083 488 2133 omnia,
521 2096 608 2134 quae
639 2083 788 2122 bellum
822 2089 940 2135 atque
971 2084 1096 2123 libido
1124 2084 1319 2122 victorum
1348 2085 1436 2122 fert.

123 2147 324 2187 Praeterea
351 2149 457 2186 ‘esse
489 2147 530 2184 in
562 2147 973 2198 Hispania-citeriore
1005 2149 1203 2198 Pisonem,
1223 2148 1263 2186 in
1294 2148 1440 2186 Mauri-

121 2213 230 2251 tania
263 2226 351 2250 eum
385 2212 564 2250 exercitu
609 2212 653 2250 P.
691 2211 855 2251 Sittium
897 2213 1152 2263 Nucerinum,
1186 2212 1343 2250 consilii
1377 2212 1439 2251 sui

121 2278 353 2329 participes:
398 2278 559 2328 ⁴petere
589 2278 836 2316 consulatum
868 2277 909 2318 G.
946 2279 1180 2327 Antonium,
1211 2291 1327 2329 quem
1361 2278 1439 2318 sibi

123 2341 312 2393 collegam
332 2343 415 2381 fore
436 2348 622 2393 speraret,
643 2342 840 2381 hominem
866 2348 907 2381 et
926 2343 1164 2381 familiarem
1187 2348 1226 2380 et
1255 2343 1438 2383 omnibus

121 2406 476 2454 necessitudinibus
507 2407 836 2446 circumventum:
867 2421 956 2446 eum
987 2420 1032 2445 eo
1065 2420 1105 2446 se
1136 2406 1336 2446 consulem
1366 2407 1422 2447 im'
