1630 2626
215 153 264 190 60
561 166 603 191 c.
653 166 832 192 CRISPI
879 167 1158 194 SALLus'rn

213 266 292 303 ‘uti
310 266 438 316 potius
459 266 635 315 ³publioe
662 281 776 318 quam
807 268 987 318 privatim
1019 269 1229 307 amicitiam
1258 269 1390 321 populi
1419 263 1495 309 'Ro-

212 329 314 366 mani
333 329 485 378 coleret,
505 330 516 347 ⁴
530 343 605 366 neu
631 330 770 380 quibus
798 330 932 380 largiri
960 331 1216 381 insuesceret3
1258 333 1493 383 “periculose

212 405 233 428 a
251 392 382 441 paucis
402 393 487 439 emi,
506 393 608 442 quod
629 393 836 430 multorum
863 399 964 430 esset
981 407 986 430 :
1017 394 1049 430 si
1069 407 1288 443 permanere
1307 395 1427 433 vellet
1454 397 1494 433 in

212 455 289 492 suis
309 455 468 503 artibus,
487 455 589 493 ultro
611 456 669 492 illi
690 462 728 492 et
747 456 907 505 gloriam
928 462 966 493 et
986 470 1145 506 regnum
1172 463 1376 496 venturum
1394 472 1401 507 3
1434 458 1493 496 sin

210 519 475 567 properantius
513 523 699 568 pergeret,
733 524 882 556 suamet
914 519 1038 568 ipsum
1068 520 1229 569 pecunia
1257 521 1499 570 praeeipitem

211 582 408 617 casurum')

289 643 359 680 IX.
393 643 456 681 Sic
476 643 637 693 locutus,
655 645 662 661 ¹
679 656 764 680 eum
785 643 926 681 litteris
946 657 1044 690 eum,
1059 658 1153 695 quas
1174 645 1347 695 Micipsae
1362 645 1492 683 redde-

209 711 279 746 ret,
300 706 456 742 dimisit.
515 705 659 743 Earum
688 706 880 744 sententia
907 706 988 744 haee
1017 711 1122 743 erat:
1161 707 1180 726 ‘⁶
1198 706 1227 744 J
1230 707 1406 756 ugurthae
1433 707 1492 745 tui

208 767 310 806 bello
332 768 569 805 Numantino
589 768 700 818 longe
720 769 887 805 maxima
906 769 1029 806 virtus
1048 769 1146 818 fuit,
1177 782 1291 819 quam
1309 783 1388 806 rem
1418 769 1492 807 tibi

209 836 311 867 certo
333 831 409 867 seio
429 831 569 880 gaudio
590 844 680 868 esse.
739 831 861 868 Nobis
881 831 929 869 ob
949 831 1086 868 merita
1106 844 1174 868 sua
1193 844 1302 869 carus
1322 824 1381 869 est
1398 846 1404 869 :
1431 832 1491 869 uti

208 893 308 929 idem
331 894 480 930 senatui
511 898 549 930 et
578 894 717 943 populo
748 894 921 931 Romano
952 894 1014 943 sit,
1034 907 1182 931 summa
1211 907 1280 944 ope
1309 895 1487 932 nitemur.

209 955 298 992 Tibi
318 956 471 1006 quidem
493 969 559 1005 pro
579 962 708 993 nostra
728 957 898 993 amicitia
912 957 1095 1005 gratulor.
1154 957 1214 994 En
1229 957 1346 995 habes
1365 958 1489 995 virum

207 1018 362 1067 dignum
397 1024 435 1056 te
467 1024 581 1069 atque
612 1033 680 1056 avo
712 1032 779 1056 suo
804 1019 1041 1056 Masinissa.''
1097 1019 1226 1068 Igitur
1251 1033 1330 1069 reX,
1348 1020 1416 1058 ubi
1435 1033 1490 1070 ea,

205 1094 290 1131 quae
309 1082 320 1099 ²
334 1082 436 1118 fama
455 1087 663 1131 acceperat,
684 1095 731 1118 ex
750 1082 892 1118 litteris
913 1082 1153 1131 imperatoris
1174 1082 1228 1119 ita
1248 1095 1328 1120 esse
1357 1095 1490 1132 cogno·

205 1144 272 1192 vit,
293 1158 408 1195 quum
429 1145 573 1183 virtute
594 1150 675 1182 tum
704 1145 829 1194 gratia
858 1145 931 1182 viri
960 1150 1166 1194 permotus,
1184 1145 1292 1182 flexit
1319 1145 1488 1184 animum

205 1220 326 1255 suum,
355 1213 394 1244 et
425 1208 661 1257 Jugurtham
692 1207 884 1245 beneficiis
903 1207 1054 1244 vincere
1074 1219 1274 1256 aggressus
1304 1212 1382 1256 est3
1415 1213 1488 1245 sta·

204 1271 350 1320 timque
371 1284 456 1307 eum
477 1270 686 1320 adoptavit,
701 1275 740 1307 et
759 1274 990 1307 testamento
1010 1270 1154 1319 pariter
1174 1282 1259 1307 cum
1278 1269 1368 1307 filiis
1382 1269 1487 1307 here-

205 1334 291 1372 dem
311 1334 492 1371 instituit.
551 1334 627 1371 Sed
647 1334 727 1383 ipse
755 1346 894 1382 paucos
921 1338 1008 1383 post
1035 1346 1164 1382 annos,
1184 1334 1342 1371 ”morbo
1371 1339 1486 1384 atque

202 1402 317 1436 aetate
337 1397 543 1446 confectus,
562 1410 679 1447 quum
707 1397 780 1434 sibi
810 1396 923 1433 finem
953 1396 1043 1433 vitae
1072 1396 1203 1433 adesse
1231 1396 1486 1446 intellegeret,

204 1473 329 1498 coram
350 1460 483 1497 amieis
502 1465 542 1497 et
561 1460 743 1510 cognatis,
763 1459 932 1509 itemque
954 1459 1175 1496 Adherbale
1197 1464 1236 1496 et
1258 1458 1484 1508 Hiempsale

201 1524 302 1574 filiis,
323 1525 464 1561 dicitur
483 1523 747 1573 hujuscemodi
766 1523 882 1560 verba
902 1535 986 1560 cum
1004 1523 1033 1560 J
1036 1522 1202 1572 ugurtha
1216 1522 1403 1560 habuisse.

280 1586 328 1624 X.
360 1588 378 1607 ‘³
397 1588 405 1604 ¹
421 1587 590 1624 Parvum
610 1599 679 1635 ego
705 1591 755 1634 te,
775 1585 804 1623 J
807 1585 984 1634 ugurtha,
1004 1585 1141 1622 amisso
1169 1590 1288 1634 patre,
1307 1585 1388 1622 sine
1407 1597 1484 1634 spe,

203 1649 284 1687 sine
305 1649 451 1699 opibus,
471 1649 510 1686 in
529 1662 656 1686 meum
671 1661 831 1698 regnum
852 1647 991 1696 accepi,
1011 1647 1236 1684 existimans
1255 1659 1330 1684 non
1358 1647 1485 1684 minus

202 1725 261 1749 me
282 1713 366 1760 tibi,
385 1725 498 1762 quam
520 1712 552 1749 si
571 1711 798 1761 genuissem,
811 1710 859 1748 ob
879 1710 1061 1747 beneficia
1080 1723 1209 1747 earum
1229 1710 1332 1747 fore:
1361 1721 1483 1760 neque

202 1788 246 1812 ea
264 1787 325 1812 res
343 1775 481 1812 falsum
501 1787 562 1811 me
589 1774 733 1812 habuit.
792 1774 905 1822 Nam,
923 1778 966 1810 ut
995 1773 1071 1810 alia
1098 1786 1235 1822 magna
1263 1777 1302 1810 et
1329 1772 1484 1822 egregia

202 1845 269 1876 tua
305 1839 492 1887 omittam,
529 1838 745 1887 novissime,
781 1838 933 1875 rediens
971 1837 1192 1885 Numantia,
1229 1849 1364 1887 meque
1401 1849 1483 1886 reg·

200 1915 366 1953 numque
394 1915 522 1939 meum
540 1902 663 1952 gloria
681 1902 927 1950 honoravisti,
947 1906 1088 1952 tuaque
1107 1901 1250 1939 virtute
1277 1900 1387 1939 nobis
1406 1899 1483 1938 Ro-

201 1978 332 2003 manos
352 1978 399 2002 ex
419 1965 551 2002 amicis
571 1966 582 1983 ²
597 1965 847 2002 amicissimos
875 1965 1026 2012 fecisti3
1058 1965 1098 2001 in
1129 1963 1317 2013 Hispania
1343 1974 1481 2000 nomen

201 2029 359 2067 familiae
377 2033 600 2066 renovatum
622 2033 680 2065 est
698 2041 704 2076 ;
735 2033 938 2078 postremo,
957 2027 1059 2078 quod
1088 2025 1350 2063 difficillimum
1378 2023 1480 2061 inter

202 2091 382 2128 mortales
402 2095 471 2140 est,
490 2090 612 2140 gloria
632 2090 815 2127 invidiam
843 2089 979 2127 vicisti.
1037 2088 1160 2137 Nune,
1178 2086 1356 2138 quoniam
1383 2085 1479 2123 mihi

200 2159 339 2191 natura
356 2153 468 2191 finem
487 2154 578 2191 vitae
596 2153 700 2202 facit,
718 2165 786 2202 per
804 2153 901 2190 hanc
922 2152 1110 2200 dextram,
1129 2150 1141 2168 ³
1153 2162 1220 2200 per
1238 2149 1346 2198 regni
1364 2149 1476 2186 fidem

201 2229 335 2253 moneo
364 2216 610 2266 obtestorque
640 2220 678 2252 te
707 2215 766 2252 uti
798 2215 876 2264 hos,
899 2215 966 2265 qui
995 2213 1069 2252 tibi
1098 2225 1235 2262 genere
1265 2211 1478 2262 propinqui,

200 2279 382 2317 beneficio
403 2292 485 2317 meo
504 2279 642 2316 fratres
662 2283 760 2326 sunt,
781 2291 886 2315 caros
906 2278 1068 2324 habeas;
1098 2288 1172 2312 neu
1192 2274 1305 2312 malis
1333 2274 1477 2312 alienos

201 2341 420 2391 adjungere,
439 2355 552 2392 quam
569 2341 750 2391 sanguine
767 2342 987 2389 conjunctos
1001 2338 1175 2376 retinere.
1234 2336 1320 2375 Non
1337 2337 1478 2374 exerei-
