1586 2586
690 180 971 208 erumna.
1335 191 1338 193 -
1447 171 1492 208 15

172 286 384 327 saltabant.
456 286 514 325 Hi
550 285 614 325 vel
651 291 770 325 aetate
807 284 872 325 vel
911 298 1014 324 curae
1052 285 1314 323 similitudine
1349 286 1522 324 Pati-esc

171 351 478 403 appellabantur.
548 351 658 401 Post,
690 351 759 389 ubi
793 351 944 401 regium
980 350 1199 400 imperium,
1231 350 1334 401 quod
1377 350 1490 389 initio

171 415 471 455 ‘conservandae
499 415 697 454 libert-atis
729 419 846 467 atque
867 415 1056 465 augendae
1074 415 1131 452 rei
1152 414 1320 465 publieae
1349 415 1490 461 fuerat,

169 479 211 518 in
245 480 467 531 superbiam
503 480 887 531 dominationemque
922 480 1127 530 convertit,
1161 479 1370 518 immutato
1411 493 1489 518 mo-

168 558 222 595 re,
253 558 381 583 annua
412 545 575 596 imperia
606 545 796 596 binosque
827 545 1082 595 imperatores
1112 544 1188 582 sibi
1220 544 1356 582 fecere.
1428 544 1488 582 Eo

168 610 284 648 modo
322 609 482 648 minime
524 622 635 660 posse
677 609 872 660 putabant
904 623 974 660 per
1011 608 1214 646 licentiam
1252 608 1487 647 insolescere

168 674 339 712 animum
360 674 583 712 humanum.
1202 667 1203 670 ¹

234 738 348 787 ‚VIL
373 740 382 757 ¹
399 738 476 778 Sed
498 752 543 776 ea
563 743 796 789 tempestate
818 751 966 788 coepere
983 751 1023 776 se
1040 737 1206 789 quisque
1222 737 1347 788 magis
1364 736 1486 775 extol·
1518 773 1521 777 .

166 803 258 854 lere,
289 804 490 855 magisque
523 803 722 854 ingenium
754 803 795 840 in
826 808 1007 854 promptu
1038 803 1191 841 habere.
1251 802 1354 840 Nam
1386 802 1485 852 regi-

166 867 240 907 bus
260 868 352 906 boni
371 882 488 920 quam
510 869 522 886 ²
536 868 630 906 mali
651 868 910 918 suspectiores
931 873 1032 917 sunt,
1053 880 1281 918 semperque
1303 867 1364 904 his
1393 866 1485 904 alie·
1515 882 1523 889 ⁴

168 946 217 972 na
244 933 370 971 virtus
401 932 654 971 formidolosa
685 938 753 971 est.
839 932 916 971 Sed
959 933 1110 981 civitas,
1146 932 1377 970 incredibile
1407 945 1484 970 me·

165 1002 319 1036 moratu
333 1003 403 1048 est,
424 999 435 1016 ⁸
450 999 592 1049 adepta
613 999 810 1048 libertate,
825 1004 1014 1050 quantum
1036 998 1145 1036 brevi
1161 998 1348 1036 creverit:
1371 1002 1483 1036 tanta

165 1062 306 1113 cupido
326 1063 461 1113 gloriae
478 1063 698 1101 incesserat.
757 1063 787 1101 J
791 1077 851 1101 am
873 1063 1042 1113 primum
1063 1063 1074 1080 ⁴
1085 1065 1283 1113 juventus,
1300 1063 1417 1101 simul
1437 1076 1481 1101 ac

166 1127 262 1166 belli
299 1127 451 1178 patiens
489 1133 585 1177 erat,
616 1127 656 1165 in
690 1124 829 1165 czistris
862 1140 931 1177 per
969 1127 1141 1165 laborem
1181 1141 1254 1164 usu
1292 1127 1480 1166 militiam

166 1191 364 1242 discebat;
407 1192 609 1243 magisque
639 1192 677 1229 in
709 1191 860 1229 decoris
890 1191 1008 1229 armis
1029 1197 1069 1229 et
1089 1191 1329 1230 milit-aribus
1358 1191 1480 1243 equis,

160 1269 275 1307 quam
325 1256 364 1293 in
412 1256 551 1293 scortis
598 1261 716 1307 atque
763 1256 963 1305 conviviis,
1000 1255 1214 1294 vlibidinem
1268 1256 1476 1294 habebant.

160 1320 292 1371 Igitur
326 1319 472 1358 talibus
507 1321 601 1358 V1ris
635 1334 710 1358 non
746 1321 855 1358 labos
890 1320 1083 1369 insolitus,
1117 1335 1193 1359 non
1233 1320 1340 1358 loeus
1373 1321 1478 1359 ullus

159 1397 271 1435 asper
303 1390 371 1422 aut
402 1385 547 1422 arduus
578 1390 674 1430 erat,
705 1399 780 1422 non
815 1391 989 1423 armatus
1019 1385 1143 1423 hostis
1174 1385 1475 1424 formidolosus:

157 1449 284 1487 virtus
306 1450 436 1486 omnia
457 1450 670 1488 domuerat.
731 1450 809 1489 Sed
841 1450 1001 1500 *gloriae
1030 1451 1245 1488 maximum
1276 1456 1475 1488 certamen

157 1513 261 1551 inter
282 1513 386 1564 ipsos
407 1519 514 1551 erat:
553 1515 607 1553 sie
637 1528 676 1552 se
708 1515 872 1566 quisque
905 1515 1054 1552 hostem
1086 1515 1217 1564 ferire,
1238 1529 1390 1552 murum
1421 1528 1476 1553 as-

157 1579 335 1628 cendere,
368 1579 551 1629 conspici,
586 1580 678 1617 dum
714 1580 794 1617 tale
833 1580 985 1618 facinus
1020 1579 1179 1630 faceret,
1213 1581 1472 1630 properabat3

156 1656 222 1681 eas
257 1644 427 1691 divitias,
462 1657 547 1681 eam
581 1644 721 1682 bonam
757 1645 902 1682 famam
935 1658 1195 1696 magnamque
1224 1645 1474 1683 nobilitatem

159 1708 378 1759 putabant3
414 1708 542 1746 laudis
573 1709 689 1758 avidi7
718 1709 892 1759 pecuniae
923 1709 1108 1747 liberales
1139 1715 1274 1759 erant3
1308 1710 1474 1761 gloriam
1511 1739 1515 1741 >

153 1773 365 1823 ingentem,
412 1772 571 1810 divitias
619 1773 800 1811 honestas
846 1774 1040 1813 volebant.
1127 1774 1344 1813 Memorare
1392 1789 1474 1826 pos-

153 1849 246 1886 sem,
284 1836 427 1888 quibus
474 1836 516 1875 in
561 1836 657 1875 locis
696 1838 886 1875 maximas
925 1838 1097 1876 hostium
1137 1839 1267 1889 copias
1306 1840 1473 1890 populus

152 1900 355 1941 Romanus
374 1916 494 1954 parva
513 1917 631 1941 manu
652 1904 664 1921 ⁶
678 1904 838 1954 fuderit,
858 1918 954 1956 quas
983 1905 1100 1944 urbes
1128 1911 1270 1943 natura
1299 1906 1471 1945 munitas

151 1967 361 2018 pugnando
392 1968 551 2018 ceperit,
579 1968 620 2006 ni
654 1981 698 2007 ea
729 1982 791 2007 res
826 1969 981 2020 longius
1011 1983 1082 2008 nos
1114 1970 1164 2009 ab
1201 1970 1357 2022 incepto
1395 1976 1471 2010 tra-

152 2030 273 2070 heret.

230 2097 355 2137 VIII.
389 2098 467 2137 Sed
487 2099 660 2150 profecto
681 2100 839 2138 fortuna
858 2100 898 2138 in
918 2101 1024 2139 omni
1053 2115 1095 2139 re
1126 2101 1374 2150 dominatur3
1424 2113 1470 2138 ea

149 2175 212 2201 res
241 2168 401 2201 cunctas
430 2177 478 2201 ex
508 2163 673 2201 libidine
704 2165 828 2215 magis
862 2179 978 2217 quam
1009 2178 1057 2203 ex
1090 2179 1182 2203 vero
1213 2165 1386 2202 celebrat
1405 2163 1469 2202 ob·
1508 2180 1511 2183 >

148 2233 364 2279 scuratque.
424 2228 730 2266 Atheniensium
768 2242 829 2267 res
867 2235 999 2280 gestae,
1039 2230 1155 2268 sicuti
1194 2243 1265 2279 ego
1303 2228 1467 2278 aestimo,

147 2293 243 2331 satis
275 2294 414 2345 amplae
449 2295 739 2346 magnific-aeque
774 2295 907 2346 fuere;
952 2310 1087 2334 verum
1116 2296 1317 2347 aliquanto
1346 2296 1467 2334 mino-

145 2370 208 2396 res
247 2364 388 2410 tamen,
426 2374 543 2412 quam
582 2361 686 2398 fama
723 2361 913 2400 feruntur.
991 2362 1070 2401 Sed
1115 2361 1208 2413 quia
1253 2374 1465 2413 provenere

146 2419 204 2460 ibi
222 2421 236 2440 ²
249 2423 482 2475 scriptorum
502 2438 644 2475 magna
664 2425 832 2476 ingenia,
852 2440 922 2477 per
950 2430 1146 2464 terrarum
1174 2425 1309 2466 orbem
1320 2418 1464 2496 μ,ὲῗέὶιε-
