1566 2586
614 187 919 214 JUGURTHA.
1352 178 1425 216 117

1251 243 1273 260 0

112 293 179 333 nia
214 293 447 343 removistis,
484 292 702 343 avaritiam,
739 292 990 343 imperitiam,
1029 296 1147 344 atque
1187 294 1420 344 superbiam.

112 357 305 396 ”Deinde
326 357 521 395 exercitus
548 357 604 395 ibi
633 362 703 407 est,
722 357 893 394 locorum
923 357 1070 407 sciens,
1105 357 1172 395 sed
1201 358 1422 396 mehercule

109 423 235 473 magis
254 427 437 460 strenuus
456 435 573 473 quam
594 422 714 471 felix3
746 435 836 459 nam
856 435 997 471 magna
1026 435 1113 472 pars
1143 425 1227 472 ejus
1255 423 1422 461 avaritia

110 492 179 526 aut
198 487 420 525 temeritate
441 487 583 524 ducum
604 487 742 524 attrita
763 491 830 524 est.
891 485 1152 532 Quamobrem
1179 500 1258 536 vos,
1278 488 1421 538 quibus

109 551 334 589 ”militaris
363 557 459 589 aetas
492 556 564 601 est,
596 544 1016 600 adnitimini‘mecum,
1048 556 1087 589 et
1118 551 1309 602 capessite
1338 565 1416 590 rem

107 617 328 668 publicam:
370 606 495 668 neque
528 630 762 668 quemquam
802 630 850 654 ex
888 617 1110 654 calamitate
1150 617 1316 655 aliorum
1350 623 1418 654 aut

107 681 384 731 imperatorum
407 681 590 732 superbia
609 687 738 719 metus
767 681 923 731 ceperit.
983 681 1152 731 Egomet
1181 682 1220 718 in
1250 682 1418 732 agmine,

107 745 148 782 in
181 745 328 796 proelio,
358 745 597 783 ”consultor
633 745 737 783 idem
771 751 811 783 et
848 746 975 783 socius
1013 746 1188 796 periculi,
1218 746 1418 784 vobiscum

106 809 250 859 adero;
281 822 420 861 meque
439 820 583 861 vosque
603 809 642 847 in
663 809 842 848 omnibus
871 810 1005 861 rebus·
1011 811 1129 860 juxta
1157 823 1300 860 geram.
1362 810 1418 848 Et

105 873 290 924 profecto,
312 873 387 911 diis
403 874 643 924 juvantibus,
664 874 794 911 omnia
823 879 976 911 matura
1005 879 1107 923 sunt,
1127 875 1303 922 victoria,
1323 887 1417 925 prae-

106 937 166 987 da,
196 937 304 976 laus:
346 952 434 989 quae
463 938 495 976 si
527 938 646 976 dubia
680 944 748 976 aut
781 938 916 989 procul
948 944 1089 988 essent,
1121 944 1253 977 tamen
1284 953 1416 978 omnes

104 1001 226 1040 bonos
263 1003 320 1040 rei
361 1003 526 1053 publicae
564 1003 770 1041 subvenire
809 1003 1023 1040 ³³deeebat.
1103 1003 1262 1041 Etenim
1300 1018 1414 1043 nemo

104 1065 260 1116 ignavia
275 1066 508 1104 immortalis
522 1067 650 1104 factus
670 1072 740 1116 est,
753 1080 877 1118 neque
892 1067 1098 1118 quisquam
1114 1081 1252 1117 parens
1267 1067 1415 1119 liberis,

103 1130 164 1167 uti
182 1130 322 1168 aeterni
341 1131 482 1179 forent,
502 1131 651 1181 optavit
669 1144 675 1180 ;
699 1131 835 1181 magis,
849 1131 910 1168 uti
930 1131 1021 1168 boni
1042 1131 1272 1182 honestique
1292 1132 1414 1170 vitam

103 1194 314 1244 exigerent.
384 1194 507 1232 Plura
541 1195 723 1244 dicerem,
756 1194 942 1244 Quirites,
974 1195 1006 1233 si
1041 1195 1191 1233 timidis
1225 1196 1413 1235 virtutem

101 1257 220 1296 verba
239 1257 428 1295 adderent
445 1271 452 1307 3
485 1271 574 1296 nam
596 1259 766 1296 strenuis
786 1259 939 1296 abunde
961 1259 1108 1296 dictum
1126 1262 1255 1309 puto.'’

181 1320 420 1360 LXXXVI.
455 1323 464 1340 ¹
481 1322 767 1372 Hujuscemodi
784 1322 959 1360 oratione
976 1323 1121 1371 habita,
1137 1323 1298 1371 Marius,
1311 1329 1412 1374 post-

100 1398 215 1437 quam
236 1386 362 1436 plebis
383 1386 532 1424 animos
561 1392 732 1424 arrectos
762 1387 881 1435 videt,
902 1400 1064 1437 propere
1096 1394 1325 1437 commeatu,
1346 1389 1412 1426 sti-

99 1450 252 1500 pendio,
273 1450 402 1497 armis,
423 1450 590 1502 aliisque
618 1451 785 1489 utilibus
813 1464 931 1489 naves
960 1457 1119 1489 onerat:
1151 1465 1238 1489 cum
1269 1452 1329 1490 his
1359 1453 1407 1490 A.

101 1513 295 1552 Manlium
329 1514 503 1565 legatum
537 1516 727 1566 proficisci
757 1516 880 1565 jubet.
953 1516 1046 1566 Ipse
1078 1517 1228 1554 interea
1261 1517 1410 1555 milites

101 1578 282 1627 scribere,
302 1591 376 1615 non
407 1591 514 1616 more
544 1580 746 1628 majorum,
767 1579 918 1629 ²neque
949 1592 997 1616 ex
1028 1579 1227 1627 elassibus,
1254 1580 1322 1617 sed
1350 1581 1409 1618 uti

102 1642 290 1691 quusque
319 1641 443 1679 libido
474 1646 568 1679 erat.
589 1642 715 1691 capite
747 1655 880 1679 censos
910 1642 1123 1692 plerosque.
1183 1643 1231 1680 Id
1261 1643 1407 1681 factum

99 1704 168 1742 alii
189 1704 202 1722 ⁸
216 1704 344 1754 inopia
363 1704 563 1753 bonorum,
583 1705 651 1742 alii
670 1718 739 1754 per
759 1705 1014 1743 ambitionem
1035 1706 1205 1743 consulis
1225 1720 1409 1745 memora-

98 1768 204 1817 bant,
218 1768 321 1819 quod
342 1768 391 1806 ab
412 1781 456 1806 eo
471 1782 611 1818 genere
625 1768 845 1807 celebratus
861 1775 1075 1820 auctusque
1096 1775 1189 1817 erat,
1204 1775 1244 1807 et
1260 1771 1407 1809 homini

97 1834 311 1884 potentiam
334 1835 524 1885 quaerenti
545 1834 819 1884 egentissimus
849 1835 1012 1886 quisque
1045 1836 1406 1886 opportunissimus,

97 1898 161 1935 cui
180 1910 306 1949 neque
327 1911 396 1935 sua
415 1911 528 1946 curae,
548 1898 690 1949 quippe
710 1912 798 1950 quae
827 1899 936 1936 nulla
967 1905 1069 1950 sunt,
1089 1905 1129 1937 et
1159 1900 1289 1938 omnia
1317 1914 1404 1939 cum

95 1962 222 2013 pretio
259 1962 423 1999 honesta
456 1962 648 2000 videntur.
708 1963 838 2012 Igitur
874 1963 1023 2001 Marius
1057 1977 1144 2001 cum
1176 1964 1404 2015 ⁴aliquanto

94 2028 240 2075 majore
260 2039 432 2073 numero,
453 2040 567 2077 quam
589 2027 789 2065 decretum
809 2033 904 2075 erat,
925 2028 963 2064 in
990 2028 1166 2065 Africam
1195 2029 1404 2078 profectus,

93 2091 227 2140 paucis
247 2090 385 2128 diebus
406 2090 586 2129 ⁶Uticam
611 2090 824 2128 advehitur.
886 2091 1096 2130 Exercitus
1117 2092 1152 2130 ei
1181 2093 1354 2130 traditur
1382 2106 1404 2130 a

94 2153 137 2192 P.
162 2154 316 2192 Rutilio
337 2155 467 2205 legato
485 2169 490 2191 :
512 2169 601 2192 nam
621 2155 809 2193 Metellus
829 2162 1076 2206 conspectum
1100 2157 1218 2194 Marii
1235 2157 1402 2206 fugerat,

92 2230 140 2256 ne
159 2219 312 2256 videret
333 2233 388 2267 ea,
408 2233 494 2270 quae
515 2219 650 2257 audita
671 2220 822 2258 animus
842 2220 1008 2259 tolerare
1027 2222 1266 2273 nequiverat.

173 2281 436 2321 LXXXVII.
484 2283 560 2322 Sed
600 2283 745 2332 consul,
774 2284 940 2334 expletis
979 2285 1199 2335 legionibus
1237 2284 1401 2322 cohorti-

95 2343 242 2395 busque
273 2347 501 2396 auxiliariis,
522 2348 560 2384 in
594 2361 730 2397 agrum
760 2347 930 2386 fertilem
962 2354 1002 2386 et
1034 2349 1188 2399 'praeda
1218 2354 1399 2386 onustum

90 2409 346 2460 proficiscitur
363 2424 370 2460 3
393 2412 523 2450 omnia
542 2412 598 2450 ibi
618 2417 731 2462 capta
750 2412 942 2452 militibus
969 2414 1100 2463 donat,
1120 2413 1210 2450 dein
1239 2414 1400 2452 castella
