1630 2612
8 1877 19 1941 ³⁴——
7 1734 18 1860 Μιυι
7 1700 16 1721 ο-
7 1571 16 1680 *ua*
7 1551 15 1557 j
14 1507 15 1511 „
7 1473 14 1493 ο·-
10 1419 15 1442 1„
8 1366 11 1367 =
6 1300 15 1330 g,
11 1276 13 1278 .

26 1879 35 1902 ,Δ-
24 1856 28 1860 ·
27 1802 34 1819 »Α
26 1693 35 1708 ·.
30 1646 31 1650 Α
30 1630 33 1633 v
26 1595 34 1615 n.
33 1466 37 1470 ,
34 1411 39 1414 ,
30 1303 31 1306 Α
24 1254 38 1258 ,¹

9 2364 22 2542 1⁷·2-‹m21a—-m
13 2328 19 2349 ιι
7 2181 21 2318 ajo-&Qun
5 1959 29 2169 “Qu

212 211 261 245 20
562 222 604 245 c.
656 219 834 246 crusni
879 219 1161 247 sannnsrn

213 324 498 373 circumvenire,
514 323 693 374 jugulare
707 337 715 373 3
746 323 905 373 scilicet,
925 337 972 360 ne
1000 337 1067 373 per
1096 323 1216 361 otium
1237 328 1497 378 torpescerent

213 399 348 423 manus
375 391 444 422 aut
476 386 636 434 animus,
668 385 838 435 gratuito
871 385 998 434 potius
1027 384 1150 422 malus
1183 390 1298 436 atque
1329 377 1496 430 infidelis

213 454 307 503 erat.

291 513 367 551 His
388 513 520 550 amicis
551 513 738 563 sociisque
759 513 921 551 confisus
943 512 1123 561 Catilina,
1144 513 1259 550 simul
1289 512 1391 564 quod
1418 513 1495 552 *ωε

212 575 378 612 alienum
411 588 479 625 per
512 588 642 612 omnes
673 580 796 612 terras
830 575 964 624 ingens
998 580 1091 623 erat,
1119 580 1158 612 et
1190 575 1291 626 quod
1323 575 1494 627 plerique

213 638 363 676 Sullani
400 638 556 687 milites,
594 638 739 687 largius
777 650 844 675 suo
882 637 954 686 usi,
991 638 1211 687 rapinarum
1249 642 1288 676 et
1324 638 1496 676 victoriae

213 702 351 739 veteris
395 715 582 738 memores
628 701 740 739 civile
784 701 927 740 bellum
962 701 1206 750 exoptabant,
1239 701 1497 751 opprimendae

213 764 266 801 rei
295 763 460 813 publieae
491 763 694 800 consilium
726 763 836 812 cepit.
895 762 942 800 In
976 762 1092 800 Italia
1122 762 1252 799 nullus
1279 762 1493 811 exercitusg

159 818 162 819 ⁷
214 825 278 865 On.
311 827 518 876 Pompeius
549 826 612 863 ⁵in
640 826 824 863 extremis
858 826 972 863 terris
1005 825 1151 864 bellum
1185 825 1368 875 gerebat,
1422 825 1496 875 ipsi

213 890 451 928 consulatum
481 890 631 939 petenti
659 903 796 940 magna
817 902 922 939 spes,
955 894 1109 926 senatus
1138 889 1234 926 nihil
1265 902 1354 927 sane
1375 889 1495 926 inten-

213 958 295 1003 tus,
326 958 422 991 tutae
443 953 737 1003 tranquillaeque
768 965 828 990 res
849 965 999 1002 omnes;
1031 952 1098 990 sed
1119 965 1162 989 ea
1192 965 1347 1002 prorsus
1366 965 1495 1002 oppor-

212 1022 304 1054 tuna
326 1016 514 1055 Catilinae.
1064 1012 1066 1014 V

288 1079 428 1117 XVII.
460 1079 599 1128 Igitur,
620 1078 772 1116 circiter
793 1078 804 1096 ¹
820 1077 1021 1115 Kalendas
1042 1078 1071 1114 J
1074 1077 1195 1127 unias,
1217 1077 1260 1114 L.
1285 1076 1435 1116 Caesare
1455 1082 1495 1115 et

211 1141 251 1180 C.
289 1141 428 1191 Figulo
462 1141 694 1190 consulibus,
726 1141 850 1190 primo
888 1139 1059 1190 singulos
1092 1140 1306 1190 appellare,
1349 1140 1495 1178 hortari

209 1205 317 1254 alios,
337 1205 432 1242 alios
462 1210 635 1253 tentare,
667 1217 756 1253 opes
784 1217 883 1253 suas,
906 1203 1142 1253 'imparatam
1175 1217 1255 1240 rem
1283 1203 1491 1253 publicam,

210 1282 348 1318 magna
377 1268 534 1317 praemia
566 1268 841 1316 conjurationis
872 1267 1015 1304 docere.
1074 1266 1152 1304 Ubi
1185 1267 1278 1304 satis
1298 1267 1495 1316 explorata

210 1337 300 1370 sunt
328 1344 414 1382 quae
443 1331 577 1379 voluit,
598 1331 635 1366 in
655 1344 772 1367 unum
805 1343 935 1367 omnes
955 1334 1147 1377 convocat,
1167 1329 1307 1379 quibus
1326 1330 1495 1366 maxima

210 1393 477 1432 'necessitudo
510 1398 549 1430 et
580 1393 787 1443 plurimum
816 1393 986 1430 audaciae
1014 1395 1146 1428 inerat.
1207 1391 1266 1429 Eo
1285 1401 1494 1430 convenere

211 1458 394 1496 senatorii
427 1457 572 1494 ordinis
604 1457 647 1494 P.
673 1457 863 1494 Lentulus
894 1456 1003 1506 Sura,
1025 1456 1068 1493 P.
1092 1455 1318 1504 Autronius,
1338 1455 1382 1492 L.
1406 1454 1494 1494 Cas-

209 1523 288 1561 sius
310 1522 518 1572 Longinus,
539 1522 578 1560 O.
604 1521 808 1571 Cethegus,
822 1522 864 1559 P.
884 1527 922 1559 et
943 1521 1098 1560 Servius
1119 1520 1248 1570 Sullae,
1269 1520 1394 1558 Servii
1412 1520 1494 1569 filii,

211 1587 253 1624 L.
277 1586 552 1635 Vargunteius,
587 1585 629 1631 Q.
666 1586 830 1634 Annius,
863 1585 914 1622 M.
940 1585 1100 1622 Porcius
1136 1585 1259 1632 Laeca,
1281 1583 1324 1621 L.
1346 1583 1494 1633 Bestia,

211 1650 253 1695 Q.
280 1650 442 1698 Curius3
486 1655 672 1699 praeterea
707 1663 754 1686 ex
788 1649 956 1699 equestri
990 1649 1123 1686 ordine
1146 1648 1197 1685 M.
1222 1647 1383 1686 Fulvius
1417 1647 1494 1685 No·

209 1715 335 1762 bilior,
368 1715 409 1751 L.
434 1713 624 1763 Statilius,
657 1714 699 1750 P.
723 1712 912 1751 Gabinius
943 1711 1092 1762 Capito,
1126 1711 1165 1750 O.
1191 1710 1414 1750 Cornelius:
1444 1711 1493 1748 ad

209 1779 280 1815 hoc
299 1778 414 1815 multi
434 1791 480 1815 ex
510 1779 521 1795 ⁹
539 1778 698 1814 coloniis
718 1782 757 1814 et
776 1777 1006 1826 municipiis,
1028 1776 1133 1813 domi
1152 1775 1310 1812 nobiles.
1368 1774 1494 1812 Erant

209 1847 394 1892 praeterea
415 1841 626 1890 complures
646 1840 758 1889 paulo
779 1840 966 1877 occultius
986 1839 1135 1876 consilii
1164 1839 1322 1888 hujusce
1341 1837 1494 1888 partici-

209 1917 275 1956 pes
293 1904 454 1951 nobiles,
473 1916 567 1954 quos
586 1903 708 1952 magis
729 1902 1000 1940 dominationis
1020 1915 1105 1951 spes
1133 1901 1360 1939 hortabatur
1378 1914 1492 1952 quam

210 1967 338 2018 inopia
356 1973 423 2004 aut
438 1967 566 2016 aliqua
585 1966 835 2003 necessitudo.
882 1964 1062 2004 Ceterum
1083 1966 1094 1983 ⁴
1104 1966 1285 2014 juventus
1299 1963 1491 2014 pleraque,

209 2031 278 2069 sed
309 2030 475 2069 maxime
509 2029 708 2078 nobilium,
731 2029 910 2067 Catilinae
930 2029 1092 2078 inceptis
1121 2028 1284 2066 favebat.
1341 2025 1492 2071 Quibus

211 2095 250 2132 in
269 2094 347 2132 otio
365 2093 428 2132 vel
447 2093 645 2142 magnifice
674 2092 734 2131 vel
770 2093 939 2129 molliter
959 2093 1086 2130 vivere
1106 2091 1214 2140 copia
1233 2094 1326 2138 erat,
1346 2089 1491 2127 incerta

212 2171 277 2207 pro
297 2156 424 2206 certis,
442 2156 587 2195 bellum
607 2169 722 2206 quam
750 2168 879 2204 pacem
902 2155 1105 2192 malebant.
1164 2154 1176 2171 ⁶
1189 2153 1313 2190 Fuere
1334 2152 1426 2188 item
1447 2165 1491 2188 ea

211 2226 451 2270 tempestate,
469 2220 536 2270 qui
569 2219 767 2256 crederent
803 2218 853 2254 M.
879 2218 1070 2255 Licinium
1093 2216 1271 2255 Crassum
1291 2229 1368 2254 non
1389 2214 1491 2264 igna-

212 2297 294 2320 rum
326 2285 408 2332 ejus
438 2282 588 2320 consilii
619 2282 759 2330 fuisse,
790 2281 880 2331 quia
903 2281 968 2319 Gna
993 2280 1210 2330 Pompeius,
1231 2279 1377 2316 invisus
1406 2279 1491 2329 ipsi,

212 2358 390 2396 magnum
421 2347 633 2384 exercitum
653 2345 847 2394 ductabat,
868 2344 1036 2393 cujusvis
1056 2355 1145 2393 opes
1163 2342 1330 2381 voluisse
1357 2347 1492 2380 contra
