1566 2586
180 156 231 191 90
367 195 369 197 ,
532 168 574 192 c.
623 167 802 193 onrsrx
847 167 1127 194 ssnrus‘rn

179 281 357 318 passuum
389 269 538 318 viginti,
559 270 571 286 ²
585 274 712 306 tractu
742 269 836 318 pari,
855 274 985 306 vastus
1005 269 1052 306 ab
1071 275 1208 307 natura
1227 275 1267 307 et
1294 270 1458 317 humano

178 332 286 368 cultu
303 345 308 368 :
339 332 405 368 sed
427 333 437 348 ³
452 345 497 368 ex
511 345 554 368 eo
568 333 693 368 medio
708 332 815 381 quasi
837 332 944 368 collis
958 332 1162 380 oriebatur²
1175 333 1215 370 in
1231 333 1458 371 immensum

177 394 408 443 pertingens,
427 394 592 430 vestitus
612 393 777 430 oleastro
797 406 840 429 ac
860 394 1037 442 myrtetis
1065 394 1226 444 aliisque
1253 395 1460 443 generibus

177 452 365 503 arborum,
380 467 465 504 quae
484 455 589 491 humi
610 455 715 492 arido
735 460 849 504 atque
870 467 1026 492 arenoso
1040 455 1258 504 gignuntur.
1300 457 1311 473 ⁴
1327 456 1458 493 Media

176 523 304 555 autem
333 518 513 567 planities
533 518 683 554 deserta
713 518 872 567 penuria
898 531 1016 568 aquae,
1035 524 1175 567 praeter
1202 519 1350 555 flumini
1377 531 1444 568 pro

175 583 318 632 pinqua
347 582 453 630 loca,
490 595 534 619 ea
563 583 710 619 consita
738 582 906 619 arbustis
936 595 1070 631 pecore
1101 587 1214 632 atque
1245 582 1456 620 cultoribus

175 644 528 694 frequentabantur.

254 706 404 743 XLIX.
437 707 565 756 Igitur
585 707 624 743 in
644 719 687 743 eo
707 706 815 754 colle,
834 719 947 756 quem
968 711 1182 743 transverso
1207 706 1345 743 itinere
1373 719 1455 755 por-

175 775 322 807 rectum
351 770 558 818 docuimus,
578 757 787 818 Jugurtha,
817 771 825 786 ¹
845 774 1050 806 extenuata
1079 781 1233 806 suorum
1261 769 1352 817 acie,
1372 781 1455 806 con-

175 833 275 871 sedit
292 847 298 881 ;
321 833 534 883 elephantis
553 838 593 869 et
612 833 712 882 parti
732 833 924 881 copiarum
944 831 1178 881 pedestrium
1199 831 1454 868 Bomilcarem

173 895 355 946 praefecit,
375 908 536 945 eumque
558 895 702 942 edocet,
721 908 806 944 quae
826 899 955 943 ageret
973 908 979 942 3
1016 894 1094 943 ipse
1115 893 1268 943 propior
1285 898 1454 930 montem

173 971 259 995 cum
280 958 382 995 omni
402 959 576 1008 equitatu
596 963 636 994 et
654 958 849 1006 peditibus
869 957 1029 994 delectis
1045 969 1132 993 suos
1147 956 1310 993 collocat
1327 969 1333 992 :
1364 955 1454 992 dein

173 1020 342 1069 singulas
362 1025 507 1057 turmas
526 1026 566 1057 et
591 1020 806 1069 manipulos
834 1019 1061 1056 circumiens
1089 1023 1218 1055 monet
1246 1023 1360 1068 atque
1389 1018 1454 1056 ob-

173 1083 463 1132 testatur,‘uti,
483 1095 668 1119 memores
701 1082 873 1131 pristinae
904 1082 1060 1118 virtutis
1091 1086 1130 1118 et
1158 1081 1340 1129 victoriae,
1370 1093 1452 1118 sese

173 1158 407 1196 regnumque
429 1159 537 1183 suum
559 1145 606 1183 ab
627 1145 887 1182 Romanorum
915 1144 1076 1181 avaritia
1104 1144 1335 1181 defendant:
1365 1156 1451 1180 cum

173 1209 220 1245 iis
240 1214 432 1245 certamen
461 1209 553 1256 fore,
572 1221 665 1258 quos
696 1213 810 1244 antea
837 1208 959 1244 victos
989 1207 1059 1245 sub
1087 1208 1222 1255 jugum
1251 1205 1448 1243 miserint:

173 1271 308 1307 ducem
329 1271 417 1319 illis,
436 1283 511 1307 non
539 1270 706 1306 animum
738 1274 937 1306 mutatum.
994 1268 1115 1313 ²Quae
1145 1269 1192 1306 ab
1222 1268 1451 1317 imperatore

172 1333 381 1382 decuerint,
401 1333 527 1370 omnia
558 1333 636 1369 suis
667 1332 838 1381 provisa,
875 1331 997 1368 locum
1028 1331 1271 1380 superiorem,
1297 1336 1341 1367 ut
1366 1344 1451 1380 pru-

172 1395 306 1432 dentes
325 1407 410 1431 cum
430 1394 629 1443 imperitis,
649 1407 695 1430 ne
715 1394 912 1443 pauciores
932 1405 1016 1430 cum
1036 1393 1222 1442 pluribuS,
1242 1397 1308 1429 aut
1335 1392 1449 1429 rudes

172 1470 256 1494 cum
277 1456 378 1494 bello
406 1456 629 1493 melioribus
656 1469 809 1492 manum
838 1459 1100 1492 consererent:
1138 1454 1296 1503 proinde
1323 1454 1449 1503 parati

173 1519 387 1568 intentique
426 1523 563 1566 essent,
596 1518 703 1566 signo
737 1517 838 1566 dato,
872 1517 1066 1554 Romanos
1100 1517 1276 1554 invadere
1293 1530 1300 1552 :
1339 1515 1448 1552 illum

171 1581 272 1618 d-iem
306 1586 372 1618 aut
405 1593 534 1618 omnes
567 1580 718 1617 labores
751 1585 789 1616 et
821 1579 1000 1616 victorias
1033 1579 1353 1627 confirmaturum,
1383 1583 1450 1614 aut

170 1644 423 1681 maximarum
455 1655 710 1680 aerumnarum
744 1642 897 1678 initium
931 1642 1035 1679 fore.’
1090 1642 1155 1678 Ad
1189 1642 1258 1679 hoc
1290 1641 1449 1691 viritim,

171 1708 183 1725 ³
196 1707 254 1744 uti
273 1719 462 1757 quemque
482 1706 529 1743 ob
549 1705 716 1742 militare
743 1705 890 1741 facinus
910 1704 1070 1753 pecunia
1090 1709 1157 1740 aut
1176 1703 1315 1741 honore
1343 1708 1448 1741 extu·

170 1769 280 1817 lerat,
300 1768 620 1805 commonefacere
647 1767 820 1804 beneficii
851 1767 920 1814 sui,
941 1772 980 1803 et
1011 1779 1096 1803 eum
1127 1766 1250 1815 ipsum
1281 1765 1368 1803 aliis
1394 1778 1447 1804 os-

169 1836 343 1869 tentare:
373 1835 575 1879 postremo,
594 1842 661 1878 pro
690 1831 874 1879 cujusque
903 1830 1067 1878 ingenio,
1095 1829 1322 1878 pollicendo,
1340 1828 1446 1866 mini-

170 1894 296 1942 tando,
316 1893 552 1940 obtestando,
573 1892 690 1929 alium
710 1892 795 1929 alio⁴
806 1892 917 1928 modo
939 1892 1106 1928 excitare
1123 1905 1130 1940 3
1160 1904 1277 1942 quum
1291 1891 1445 1928 interim

170 1955 364 2003 Metellus,
382 1955 395 1972 ⁴
410 1955 564 2004 ignarus
583 1954 764 1999 hostium,
783 1959 911 1990 monte
931 1953 1156 2003 degrediens
1170 1965 1256 1990 cum
1275 1952 1446 1989 exercitu

169 2018 411 2067 conspicitur,
430 2018 553 2066 primo
574 2017 723 2065 dubius,
743 2017 925 2067 quidnam
945 2017 1103 2054 insolita
1130 2015 1246 2052 facies
1274 2015 1445 2052 ostende-

168 2086 228 2118 ret
251 2081 354 2128 (nam
374 2080 474 2117 inter
494 2080 660 2128 virgulta
676 2080 763 2130 equi
784 2080 1036 2129 Numidaeque
1053 2077 1311 2125 consederant,
1323 2090 1444 2127 neque

167 2143 279 2193 plane
299 2141 480 2180 occultati
499 2142 719 2178 humilitate
743 2142 932 2190 arborum,
951 2146 991 2178 et
1018 2145 1144 2177 tamen
1172 2139 1319 2188 incerti,
1338 2139 1444 2189 quid-

168 2219 255 2242 nam
289 2210 398 2253 esset,
428 2217 543 2254 quum
576 2210 714 2241 natura
745 2204 830 2253 loci,
850 2211 931 2240 tum
965 2203 1050 2255 dolo
1083 2202 1156 2251 ipsi
1188 2207 1302 2252 atque
1335 2201 1444 2251 signa

167 2269 349 2306 militaria
365 2268 571 2318 obscurati)
587 2281 593 2316 3
625 2267 724 2316 dein,
743 2268 850 2305 brevi
870 2269 882 2286 ⁶
894 2266 1056 2316 cognitis
1071 2266 1231 2314 insidiis,
1250 2265 1443 2316 paulisper

168 2343 300 2379 agmen
331 2330 540 2368 constituit.
598 2329 661 2368 Ibi
690 2330 958 2367 ⁶commutatis
987 2328 1195 2375 ordinibus,
1215 2328 1255 2364 in
1283 2327 1440 2365 dextero
