1566 2586
673 215 981 242 Jueun'rna.
1433 206 1485 245 93

165 326 287 381 ψῃ
307 321 507 360 Rutilium
538 321 791 360 consedisse'
776 334 871 371 Jam,
891 325 932 359 et
965 320 1095 359 animo
1123 333 1290 359 vacuum
1323 322 1484 373 aceepit

131 385 362 452 ssglmulque
384 399 433 423 ex
462 386 492 424 J
495 385 676 436 ugurthae
695 385 832 436 proelio
852 384 1063 423 clamorem
1085 385 1231 435 augeri,
1250 385 1413 434 veritus,
1434 399 1481 423 ne

131 444 332 512 legatus,
352 450 509 500 cognita
540 463 592 499 re,
620 449 890 487 laborantibus
921 449 1002 486 suis
1034 448 1182 486 auxilio
1213 449 1327 498 foret,
1348 449 1482 498 aciem

164 528 293 566 quam,
314 514 491 552 diffidens
519 514 659 552 virtuti
678 514 863 564 militum,
883 518 967 551 arte
987 517 1193 562 statuerat,
1212 526 1288 564 quo
1309 512 1480 550 hostium

164 578 299 617 itineri
327 579 509 629 officeret,
530 578 651 616 latius
678 578 855 629 porrigit,
877 590 999 629 eoque
1028 577 1143 615 modo
1164 577 1213 615 ad
1234 577 1382 615 Rutilii
1403 590 1480 614 cas-

163 647 226 681 tra
245 643 432 694 procedit.

244 707 365 746 LIII.
399 709 407 726 ¹
424 707 595 745 Romani
615 720 664 745 ex
683 707 894 758 improviso
913 706 1087 757 pulveris
1099 706 1179 745 vim
1196 719 1379 756 magnam
1399 705 1477 743 ani·

160 773 424 819 madvertunt,
443 786 534 811 nam
562 779 810 824 prospectum
836 786 929 823 ager
957 773 1130 811 arbustis
1151 772 1325 810 consitus
1351 772 1478 822 prohi-

159 837 301 887 bebat3
333 843 373 875 et
391 838 516 888 primo
547 837 625 875 rati
656 837 818 874 humum
849 837 998 874 aridam
1029 842 1146 875 vento
1177 837 1345 886 agitari,
1377 842 1476 888 post,

157 901 227 940 ubi
255 903 268 920 ²
283 902 517 954 aequabilem
538 915 707 951 manere,
728 906 778 951 et,
799 901 918 938 sicuti
938 901 1042 938 acies
1076 901 1320 950 movebatur,
1350 901 1475 951 magis

158 965 360 1017 magisque
396 966 708 1017 appropinquare
746 965 894 1014 vident,
932 965 1090 1015 cognita
1129 978 1182 1014 re,
1220 971 1474 1016 properantes

158 1043 265 1069 arma
285 1031 455 1082 capiunt,
476 1045 520 1068 ao
539 1045 610 1082 pro
630 1031 781 1080 castris,
802 1031 919 1069 sicuti
939 1031 1219 1081 imperabatur,
1240 1031 1470 1069 consistunt.

148 1093 322 1144 Deinde,
340 1095 410 1134 ubi
442 1096 601 1146 propius
620 1100 781 1133 ventum
810 1100 881 1146 est,
901 1095 1100 1146 utrimque
1132 1109 1273 1145 magno
1305 1096 1471 1134 elamore

157 1159 438 1198 'concurritun
498 1160 685 1199 Numidae
715 1165 870 1198 tantum
901 1161 1018 1198 modo
1047 1161 1059 1179 ⁴
1077 1162 1275 1209 remorati,
1309 1161 1402 1199 dum
1431 1161 1471 1199 in

154 1225 376 1276 elephantis
405 1225 598 1263 auxilium
618 1230 771 1276 putant,
791 1230 998 1277 postquam
1030 1239 1096 1264 eos
1117 1226 1330 1276 impeditos
1350 1226 1471 1265 ramis

115 1307 119 1310 ·
153 1289 349 1340 arborum,
381 1295 498 1341 atque
530 1290 587 1327 ita
621 1290 808 1340 disjectos
840 1290 1116 1328 circumveniri
1150 1291 1300 1340 vident,
1335 1291 1469 1341 fugam

151 1352 313 1402 faciunt,
333 1365 378 1390 ae
412 1353 600 1404 plerique,
621 1353 788 1403 abjectis
822 1353 952 1402 armis,
973 1353 1085 1391 collis
1119 1359 1188 1390 aut
1221 1353 1347 1391 noetis
1381 1367 1469 1404 quae

147 1418 230 1468 jam
269 1417 417 1466 aderat,
452 1417 599 1455 auxilio
637 1417 783 1468 integri
815 1418 971 1455 abeunt.
1002 1441 1008 1445 «
1049 1417 1264 1468 Elephanti
1298 1424 1467 1469 quatuor

150 1482 266 1532 eapti,
295 1482 438 1534 reliqui
470 1495 614 1531 omnes,
643 1495 806 1520 numero
834 1482 1107 1533 quadraginta,
1139 1482 1348 1520 interfecti.
1408 1483 1467 1520 At

149 1546 332 1596 Romani,
369 1560 604 1598 quamquam
643 1546 785 1584 itinere
834 1552 952 1598 atque
993 1548 1132 1596 ‘opere
1171 1552 1387 1584 castrorum
1426 1554 1466 1584 et

148 1611 286 1661 proelio
318 1611 413 1648 fessi
443 1610 615 1662 lassique
637 1616 759 1659 erant,
781 1615 927 1659 tamen,
947 1611 1051 1661 quod
1087 1611 1276 1648 Metellus
1297 1611 1466 1661 amplius

149 1674 330 1724 opinione
349 1674 587 1723 morabatur,
607 1674 791 1711 instructi
811 1674 1032 1724 intentique
1059 1674 1212 1711 obviam
1235 1675 1460 1724 procedunt.

149 1739 253 1777 Nam
275 1737 388 1776 dolus
409 1738 674 1776 Numidarum
693 1738 795 1775 nihil
826 1737 1004 1788 languidi
1025 1751 1150 1789 neque
1171 1739 1324 1776 remissi
1344 1739 1464 1790 patie-

146 1803 272 1843 batur.
331 1802 393 1840 Ao
421 1802 557 1852 primo,
578 1802 742 1840 obscura
774 1807 901 1853 nocte,
920 1808 1126 1854 postquam
1161 1803 1292 1841 ⁶haud
1326 1805 1463 1854 procul

146 1867 250 1906 inter
284 1880 325 1906 se
361 1871 484 1916 erant,
516 1867 695 1918 strepitu,
724 1866 834 1905 velut
873 1866 1006 1905 hostes
1039 1867 1311 1918 adventarent,
1344 1868 1462 1908 alteri

145 1931 248 1982 apud
283 1931 427 1969 alteros
457 1931 706 1968 formidinem
723 1930 855 1968 simul
895 1936 935 1968 et
968 1931 1183 1969 tumultum
1224 1932 1374 1970 facere:
1419 1937 1461 1972 et

142 2008 251 2047 paene
262 1994 527 2045 imprudentia
547 1995 760 2032 admissum
778 1995 930 2033 facinus
949 1995 1185 2046 miserabile,
1198 1995 1240 2033 ni
1260 1985 1459 2048 utrimque

142 2059 336 2110 praemissi
367 2058 520 2109 equites
550 2071 632 2096 rem
665 2058 984 2108 exploravissent.
1052 2059 1185 2109 Igitur
1226 2061 1320 2110 ⁷pro
1348 2065 1459 2098 metu

142 2128 302 2174 repente
336 2122 524 2173 gaudium
550 2127 735 2160 exortum
753 2135 759 2171 3
791 2122 940 2160 milites
961 2123 1061 2161 alius
1082 2123 1205 2161 alium
1226 2123 1309 2162 laeti
1330 2123 1458 2173 appel-

141 2186 236 2238 lant,
256 2191 344 2225 aeta
372 2186 537 2224 edocent
557 2191 674 2237 atque
695 2185 882 2236 audiunt3
913 2199 983 2224 sua
1011 2187 1175 2238 quisque
1205 2187 1323 2224 fortia
1351 2186 1456 2224 faeta

142 2251 192 2288 ad
210 2251 350 2289 ooelum
369 2251 456 2288 fert.
515 2249 669 2300 Quippe
703 2263 766 2288 res
796 2250 977 2289 humanae
1011 2252 1069 2289 ita
1100 2264 1183 2289 sese
1213 2251 1382 2288 habent:
1414 2250 1455 2288 in

142 2314 306 2354 victoria
324 2315 387 2354 vel
407 2315 559 2366 ignavis
574 2314 734 2365 gloriari
754 2314 873 2366 lieet3
892 2316 1068 2354 adversae
1083 2329 1146 2353 res
1167 2315 1179 2332 ⁶
1192 2315 1312 2352 etiam
1332 2314 1454 2354 bonos

143 2377 370 2417 detractant.
1330 2396 1368 2434 ·

223 2440 334 2480 LIV.
366 2442 565 2493 Metellus,
585 2443 626 2480 in
654 2442 795 2481 iisdem
825 2443 966 2482 eastris
995 2444 1005 2461 ¹
1020 2442 1231 2494 quatriduo
1265 2446 1451 2493 morawa,
