1586 2600
644 157 953 186 sueonum..
994 192 1007 199 ⁸
1382 149 1432 188 7⁷

116 263 204 306 ’ΜΕ
222 262 336 306 annis
353 263 578 316 quindecim
598 277 714 315 quam
732 263 906 303 ludibrio
934 263 1091 302 fueritis
1121 262 1315 314 superbiae
1342 278 1433 316 pau-

117 343 271 380 cozum;
314 343 433 382 quam
471 329 573 367 foede
610 342 804 381 quamque
839 329 958 367 inulti
990 329 1179 380 perierint
1213 329 1336 367 vestri
1371 330 1432 367 de-

115 395 311 444 fensores3
344 399 390 432 ut
420 394 531 432 vobis
563 394 716 431 animus
747 394 796 432 ab
827 394 984 444 ignavia
1008 399 1126 445 atque
1147 394 1325 431 socordia
1354 407 1433 432 cor-

115 465 255 511 ruptus
275 459 338 509 sit,
357 459 425 511 qui
444 471 493 496 ne
513 471 615 496 nunc
635 458 806 509 quidem,
819 458 998 496 obnoxiis
1014 458 1195 507 inimicis,
1209 458 1433 508 exsurgitis,

115 529 234 576 atque
267 523 388 562 etiam
420 536 524 561 nunc
554 523 706 561 timetis
738 536 814 574 eos,
844 523 988 574 quibus
1019 523 1132 560 decet
1162 522 1304 560 terrori
1336 535 1430 560 esse.

117 588 198 628 Sed
215 601 451 640 quamquam
470 588 554 626 haec
574 587 670 626 talia
702 592 805 638 sunt,
825 592 956 625 tamen
978 587 1133 625 obviam
1162 586 1219 624 ire
1250 586 1433 625 factionis

115 653 304 704 potentiae
325 653 337 671 ³
350 652 503 690 animus
523 652 681 702 subigit.
741 651 857 691 Certe
878 665 949 702 ego
970 651 1208 701 libertatem,
1227 664 1315 702 quae
1334 651 1434 689 mihi

15 740 23 747 ·=
117 731 140 755 a
163 722 324 768 parente
354 730 440 755 meo
461 709 609 755 tradita
637 721 708 766 est,
729 716 931 767 experiar:
966 729 1101 755 verum
1134 716 1174 753 id
1205 716 1353 754 frustra
1381 729 1431 755 an

5 2320 15 2382 ξ

3 2385 13 2408 s

117 781 168 820 ob
186 795 268 820 rem
288 781 441 830 faciam,
460 781 501 818 in
522 786 652 819 vestra
672 794 790 818 manu
809 781 929 818 situm
950 785 1021 827 est,
1038 779 1223 826 Quirites.
1266 782 1277 799 ⁴
1295 781 1433 832 Neque

118 859 190 898 ego
209 859 277 884 vos
296 846 443 896 hortor,
463 845 567 898 quod
588 858 689 896 saepe
709 847 878 895 majores
898 845 1021 883 vestri
1047 846 1187 895 fecere,
1207 846 1267 883 uti
1298 852 1436 884 contra

118 910 284 961 injurias
303 910 444 948 armati
465 909 574 948 eatis.
633 909 748 947 Nihil
774 909 824 959 vi,
844 909 945 946 nihil
974 909 1194 947 secessione
1224 923 1319 960 opus
1348 915 1432 948 est:

118 986 275 1012 necesse
306 978 378 1024 est,
408 978 561 1012 suomet
593 973 669 1024 ipsi
700 986 807 1011 more
837 972 1060 1023 praecipites
1092 978 1192 1010 eant.
1265 974 1276 991 ⁵
1294 973 1435 1013 Occiso

122 1037 166 1075 T.
190 1037 379 1085 Graccho,
398 1051 514 1088 quem
546 1050 710 1087 regnum
740 1050 878 1087 parare
911 1037 1081 1087 aiebant,
1101 1037 1141 1074 in
1173 1037 1328 1088 plebem
1359 1037 1437 1076 Ro-

119 1116 275 1141 manam
305 1103 541 1154 quaestiones
571 1102 718 1140 habitae
750 1107 851 1140 sunt.
912 1102 1011 1140 Post
1046 1102 1087 1141 O.
1112 1102 1281 1141 Gracchi
1310 1108 1350 1140 et
1380 1103 1434 1140 M.

121 1169 252 1208 Fulvii
272 1170 430 1219 caedem,
450 1169 546 1207 item
566 1169 687 1207 vestri
709 1168 856 1206 ordinis
877 1168 994 1206 multi
1020 1168 1206 1206 mortales
1227 1169 1266 1206 in
1283 1182 1437 1207 carcere

118 1232 250 1271 necati
269 1237 384 1270 sunt:
415 1232 620 1283 utriusque
641 1232 765 1270 cladis
784 1245 860 1269 non
889 1231 965 1281 lex,
984 1245 1118 1270 verum
1149 1232 1273 1270 libido
1303 1245 1438 1270 eorum

120 1297 235 1335 finem
254 1297 359 1336 feeit.
417 1297 429 1315 ⁶
444 1296 523 1335 Sed
544 1310 635 1334 sane
656 1297 777 1334 fuerit
795 1297 906 1346 regni
925 1296 1077 1346 paratio
1097 1297 1202 1346 plebi
1229 1309 1299 1334 sua
1327 1297 1438 1334 resti-

121 1365 231 1399 tuere
248 1374 255 1398 :
284 1361 477 1413 quidquid
498 1361 581 1399 sine
602 1361 790 1411 sanguine
811 1361 956 1399 civium
975 1361 1113 1398 ulcisci
1134 1361 1332 1412 nequitur,
1349 1363 1439 1411 jure

121 1424 268 1463 factum
292 1425 353 1464 sit.
411 1426 423 1444 ⁷
438 1425 712 1476 Superioribus
733 1425 844 1463 annis
872 1425 984 1463 taciti
1016 1425 1328 1476 indignabamini
1348 1439 1439 1464 aera-

120 1490 223 1540 rium
261 1490 439 1541 expilari,
471 1503 583 1541 reges
617 1495 657 1528 et
689 1491 852 1541 populos
886 1490 1031 1529 liberos
1063 1491 1198 1541 paucis
1240 1491 1441 1530 nobilibus

121 1555 291 1605 vectigal
326 1555 508 1606 pendere,
540 1568 659 1606 penes
692 1555 848 1592 eosdem
882 1560 922 1592 et
956 1569 1147 1593 summam
1186 1556 1365 1605 gloriam,
1400 1560 1442 1594 et

122 1619 315 1657 maximas
344 1619 504 1657 divitias
532 1632 640 1656 esse:
676 1623 808 1656 tamen
839 1618 922 1656 haec
953 1619 1050 1656 talia
1080 1619 1253 1656 facinora
1282 1619 1440 1669 impune

125 1683 339 1733 suscepisse
359 1696 496 1733 parum
516 1682 687 1721 habuere
703 1696 709 1732 3
741 1682 875 1733 itaque
894 1688 1091 1733 postremo
1118 1683 1235 1733 leges,
1254 1685 1442 1733 majestas

123 1751 266 1797 vestra,
300 1746 434 1785 divina
471 1751 511 1784 et
547 1746 718 1784 humana
756 1746 886 1784 omnia
923 1747 1103 1785 hostibus
1146 1747 1294 1785 tradita
1337 1752 1438 1785 sunt.

126 1810 266 1863 Neque
290 1824 366 1861 eos,
385 1811 454 1862 qui
476 1823 524 1850 ea
543 1811 682 1860 fecere,
700 1811 823 1861 pudet
852 1816 921 1848 aut
950 1811 1126 1862 poenitet,
1156 1811 1225 1849 sed
1254 1812 1444 1851 incedunt

127 1875 224 1926 ’per
258 1888 326 1914 ora
355 1880 486 1913 vestra
519 1875 726 1926 magnifici,
757 1875 976 1914 sacerdotia
1010 1881 1050 1913 et
1083 1876 1321 1926 consulatus,
1352 1888 1443 1927 pars

125 1939 344 1990 triumphos
376 1952 465 1977 suos
495 1944 748 1989 ostentantes,
778 1940 940 1991 perinde
970 1940 1083 1991 quasi
1113 1954 1159 1978 ea
1188 1940 1338 1990 honori,
1365 1954 1467 1994 non·

126 2004 268 2055 praedae
288 2004 467 2043 habeant.
527 2003 640 2043 Servi
659 2017 736 2043 aere
754 2005 882 2055 parati
902 2005 1051 2055 injusta
1078 2005 1243 2056 imperia
1273 2005 1444 2043 domino-

127 2079 214 2106 rum
232 2069 555 2119 nonperferunt:
586 2081 666 2119 vos,
688 2068 874 2120 Quirites,
894 2071 906 2088 ⁰
920 2070 1083 2121 imperio
1109 2069 1205 2120 nati,
1225 2082 1335 2120 aequo
1365 2069 1445 2106 ani-

127 2145 192 2171 mo
211 2133 440 2172 servitutem
461 2133 671 2172 toleratis?
711 2134 770 2172 At
788 2134 856 2186 qui
877 2139 968 2172 sunt
986 2135 1039 2185 hi,
1054 2135 1122 2186 qui
1142 2148 1223 2172 rem
1245 2133 1444 2184 publicam

129 2200 395 2249 occupavere(²
472 2199 666 2238 Homines
705 2197 1007 2250 sceleratissimi,
1039 2201 1214 2238 eruentis
1252 2199 1446 2247 manibus,

130 2263 291 2302 immani
311 2265 487 2314 avaritia,
508 2265 775 2303 nocentissimi
807 2266 1004 2317 iidemque
1034 2264 1325 2315 superbissimi3
1357 2268 1445 2314 quis

133 2328 240 2378 fides,
252 2329 380 2380 decus,
393 2331 530 2381 pietas,
546 2337 742 2382 postremo
764 2331 926 2370 honesta
943 2337 1061 2383 atque
1083 2331 1300 2378 inhonesta,
1317 2330 1446 2367 omnia

133 2393 301 2444 quaestui
321 2400 420 2432 sunt.
479 2397 506 2415 ¹⁰
521 2396 620 2434 Pars
650 2409 784 2434 eorum
811 2396 999 2435 occidisse
1021 2395 1200 2434 tribunos
1218 2393 1357 2445 plebis,
1377 2393 1446 2432 alii
