1586 2600
16 1990 39 2047 ffs„
19 1959 34 1977 „A
19 1924 21 1931 -

14 2406 22 2505 5

637 210 944 237 suana-rna.
1399 197 1450 236 73

134 327 247 380 pulit.
315 326 440 373 “Quae
473 339 564 364 sane
598 326 747 364 fuerint
779 330 924 364 nostrae
958 323 1124 375 injuriae,
1157 323 1258 362 nihil
1289 323 1339 361 ad
1368 336 1447 362 vos.

137 391 288 432 Verum
318 404 422 429 nunc
441 396 614 428 vestrum
645 403 809 440 regnum
844 389 964 427 armis
997 394 1118 438 tenet,
1138 401 1211 437 me,
1239 400 1355 439 quem
1383 400 1452 426 vos

135 458 412 508 imperatorem
446 455 633 494 Numidis
661 454 858 506 posuistis,
889 454 1065 491 clausum
1097 452 1276 502 obsidet3
1307 451 1453 502 legato-

136 534 223 559 rum
242 520 362 558 verba
390 521 402 537 ⁷
415 519 553 571 quanti
582 518 732 568 fecerit,
752 517 926 569 pericula
944 530 1031 555 mea
1051 516 1261 554 declarant.
1321 515 1333 533 ⁸
1347 514 1453 561 Quid

135 585 351 636 reliquum,
374 584 450 621 nisi
478 583 538 621 vis
571 587 713 632 vestra,
740 595 817 634 quo
851 581 999 620 moveri
1027 581 1180 632 possit?
1250 579 1353 618 Nam
1382 592 1453 630 ego

136 649 295 701 quidem
324 647 478 696 vellem,
510 652 550 685 et
585 647 677 695 haec,
697 660 785 698 quae
818 646 956 696 scribo,
977 652 1017 683 et
1051 645 1132 695 illa,
1151 658 1239 695 quae
1269 650 1386 682 antea
1414 644 1455 682 in

137 718 278 752 senatu
297 717 458 764 questus
479 725 576 760 sum,
596 725 696 749 vana
716 711 845 749 forent
876 711 1017 761 potius,
1038 723 1155 761 quam
1182 709 1340 747 miseria
1368 722 1456 746 mea

137 777 254 815 fidem
274 776 403 815 verbis
423 776 579 813 faceret.
639 775 717 814 Sed
748 775 931 826 quoniam
962 776 1033 820 {eo
1054 780 1170 813 natus
1202 787 1299 824 sum,
1318 778 1364 811 ut
1385 773 1415 811 J
1417 786 1456 810 u-

137 840 292 892 gurthae
319 840 510 878 scelerum
542 839 714 877 ostentui
745 853 881 887 essem,
909 852 987 877 non
1017 840 1098 889 jam
1132 843 1299 875 mortem
1329 850 1456 888 neque

138 918 342 953 aerumnas,
363 904 634 942 tantummodo
666 903 816 941 inimici
847 904 1053 954 imperium
1081 909 1121 941 et
1153 903 1349 940 cruciatus
1379 915 1458 940 cor-

138 970 243 1021 poris
275 969 470 1020 deprecor.
529 969 669 1019 Regno
706 968 918 1017 Numidiae,
950 967 1055 1019 quod
1088 973 1263 1005 vestrum
1295 972 1367 1017 est,
1397 966 1458 1004 uti

140 1033 251 1082 libet,
270 1033 484 1071 consulite:
514 1046 576 1070 me
597 1046 646 1070 ex
667 1032 848 1070 manibus
870 1031 999 1083 impiis
1021 1031 1172 1082 eripite,
1191 1044 1260 1082 per
1279 1032 1459 1081 majesta-

141 1102 222 1135 tem
252 1097 418 1147 imperii,
437 1110 507 1147 per
538 1097 724 1134 amicitiae
753 1097 881 1146 fidem,
902 1096 935 1134 si
954 1096 1038 1134 ulla
1059 1096 1162 1146 apud
1182 1108 1251 1134 vos
1270 1095 1460 1133 memoria

141 1166 318 1199 remanet
337 1160 399 1198 avi
420 1160 497 1197 mei
520 1160 772 1197 Masinissae.”

222 1225 357 1264 XXV.
392 1226 470 1263 His
491 1225 638 1263 litteris
659 1225 847 1274 recitatis,
878 1225 1023 1275 ¹fuere,
1053 1224 1122 1276 qui
1150 1224 1391 1262 “exercitum
1420 1224 1461 1261 in

143 1290 323 1328 Africam
357 1289 607 1327 mittendum'
638 1295 853 1338 censerent,
881 1291 944 1327 ‘et
963 1302 1079 1340 quam
1109 1289 1279 1339 primum
1309 1288 1462 1326 Adher-

142 1355 223 1394 bali
251 1354 587 1392 subveniundum:
619 1354 666 1391 de
689 1353 892 1404 Jugurtha
924 1354 1081 1391 interim
1102 1354 1162 1390 uti
1183 1354 1462 1404 consuleretur,

143 1419 327 1471 quoniam
358 1418 501 1477 legatis
532 1432 609 1456 non
641 1418 859 1469 paruisset.’
918 1418 996 1456 Sed
1017 1418 1066 1455 ab
1087 1418 1228 1456 iisdem
1249 1418 1330 1455 illis
1358 1418 1462 1468 regis

144 1483 366 1522 fautoribus
408 1483 587 1520 ²summa
617 1495 686 1532 ope
717 1482 880 1532 enisum,
912 1495 961 1519 ne
993 1482 1072 1520 tale
1105 1482 1307 1520 decretum
1337 1482 1459 1520 fieret.

147 1547 212 1587 Ita
232 1547 376 1586 bonum
397 1546 610 1597 publicum,
630 1552 676 1584 ut
708 1546 748 1583 in
768 1546 966 1597 plerisque
986 1546 1157 1596 negotiis
1178 1546 1289 1595 solet,
1309 1546 1464 1596 privata

145 1611 274 1662 gratia
307 1610 516 1648 devictum.
590 1611 794 1660 Legantur
821 1615 953 1647 tamen
984 1610 1025 1647 in
1060 1610 1239 1647 Africam
1268 1610 1465 1659 ³maj0res

146 1680 254 1723 natu,
274 1674 437 1722 nobiles,
457 1673 597 1723 amplis
617 1673 829 1711 honoribus
848 1673 930 1722 usi3
954 1673 995 1710 in
1013 1678 1102 1724 quis
1116 1673 1193 1710 fuit
1210 1673 1263 1710 M.
1284 1672 1465 1723 Scaurus,

149 1739 197 1777 de
218 1751 294 1790 quo
329 1750 445 1787 supra
475 1737 787 1786 memoravimus,
808 1737 1034 1785 consularis,
1055 1742 1097 1774 et
1128 1741 1221 1774 tunc
1252 1737 1293 1774 in
1327 1741 1466 1774 senatu

147 1804 337 1856 princeps.
384 1801 453 1851 Hi,
469 1802 572 1854 quod
592 1802 604 1819 ⁴
617 1815 679 1840 res
695 1802 735 1839 in
749 1802 897 1840 invidia
913 1807 1008 1851 erat,
1021 1801 1139 1839 simul
1156 1807 1196 1839 et
1212 1801 1261 1839 ab
1279 1801 1317 1840 N
1320 1801 1466 1851 umidis

150 1867 357 1916 obsecrati,
389 1866 523 1904 triduo
555 1866 685 1904 navim
721 1866 952 1904 ascendere:
983 1865 1126 1904 deinde
1161 1865 1271 1904 brevi
1306 1865 1466 1904 Uticam

151 1931 303 1982 appulsi
324 1931 479 1968 litteras
499 1930 549 1968 ad
569 1930 812 1981 ,Iugurtham
833 1931 1010 1980 mittunt,
1038 1931 1046 1950 ‘
1063 1943 1180 1982 quam
1208 1930 1388 1968 ocissime
1418 1930 1468 1968 ad

150 1995 389 2047 provinciam
422 1994 594 2044 accedat,
614 2007 731 2046 seque
752 1995 802 2032 ad
830 2008 919 2032 eum
939 1994 988 2033 ab
1010 1999 1150 2032 senatu
1169 1994 1332 2032 missos.’
1391 1993 1467 2031 Ille

150 2061 222 2100 ubi
254 2060 403 2111 accepit
433 2059 611 2097 homines
641 2060 778 2110 claros,
809 2073 974 2111 quorum
1013 2059 1290 2098 auctoritatem
1330 2058 1469 2096 Romae

151 2124 300 2176 pollere
335 2124 552 2173 audiverat,
587 2130 723 2162 contra
762 2124 961 2175 inceptum
996 2137 1110 2162 suum
1144 2124 1310 2172 venisse,
1343 2122 1468 2173 primo

154 2192 382 2236 commotus,
404 2188 416 2205 ⁵
429 2192 537 2225 metu
557 2192 675 2238 atque
695 2187 861 2226 libidine
877 2187 1054 2226 diversus
1069 2187 1304 2238 agitabatur.
1343 2185 1470 2222 Time-

154 2251 224 2291 bat
244 2252 342 2290 iram
363 2253 502 2302 senati,
521 2253 562 2290 ni
582 2253 778 2303 paruisset
797 2253 960 2303 legatis:
982 2265 1098 2303 porro
1114 2252 1267 2290 animus
1287 2249 1469 2300 cupidine

156 2326 281 2353 oaecus
300 2316 350 2353 ad
370 2316 568 2367 inceptum
589 2317 716 2355 scelus
735 2317 922 2367 rapiebat.
980 2317 993 2335 ⁶
1010 2316 1123 2355 Vicit
1143 2321 1275 2353 tamen
1295 2314 1334 2351 in
1356 2313 1470 2352 avido

157 2377 314 2428 ingenio
341 2393 503 2430 pravum
538 2381 756 2419 consilium.
830 2381 975 2432 Igitur,
1008 2380 1185 2419 exercitu
1217 2377 1471 2428 circumdato,

161 2455 312 2481 summa
341 2444 380 2483 vi
401 2444 551 2483 Cirtam
586 2445 801 2496 irrumpere
828 2445 993 2495 nititur-3
1025 2443 1195 2483 maxime
1226 2455 1396 2494 sperans,
1415 2441 1471 2480 di-
