1586 2586
228 223 246 246 ἱ
645 187 932 213 οΛτιωΝΛ.
1400 176 1442 212 31

158 312 161 313 ⁷
207 292 412 342 XXXVI.
458 291 538 332 Sed
569 292 652 344 ipse
682 293 827 343 paucos
860 292 946 329 dies
977 295 1241 328 commoratus
1273 290 1376 340 apud
1407 289 1449 330 C.

127 357 368 399 Flaminium
390 357 456 395 ¹in
485 370 579 407 agro
609 357 810 405 Arretino,
831 356 924 394 dum
953 354 1212 403 vicinitatem,
1234 359 1350 391 antea
1380 353 1452 392 sol—

78 436 83 448 ’
127 423 334 473 lioitatam,
355 422 474 461 armis
493 428 679 471 exornat3
715 434 804 459 cum
824 421 997 459 fascibus
1024 426 1142 471 atque
1173 418 1264 457 aliis
1296 419 1451 469 imperii

128 486 349 537 insignibus
387 486 427 524 in
465 491 594 524 castra
632 486 682 524 ad
721 485 917 523 Manlium
955 484 1170 523 contendit.
1242 483 1342 522 Haec
1382 483 1450 522 ubi

129 550 270 590 Rcmae
314 556 512 601 comperta
556 555 659 599 sunt,
697 555 856 588 senatus
905 548 1118 588 Catilinam
1168 553 1208 585 et
1255 547 1450 585 Manlium

129 615 143 634 ⁸
158 615 291 654 hostes
301 615 456 666 judicat
474 628 480 664 3
502 620 644 653 ceterae
660 614 911 652 multitudini
927 614 1032 652 diem
1051 613 1205 663 statuit,
1221 617 1313 650 ante
1333 625 1450 663 quam

129 678 215 717 sine
234 678 372 716 fraude
393 677 530 716 liceret
551 678 601 717 ab
630 678 751 716 armis
783 678 997 726 discedere,
1017 683 1162 727 praeter
1190 689 1320 714 rerum
1351 675 1452 725 capi-

130 743 272 781 talium
290 743 569 781 condemnatis.
629 743 831 780 Praeterea
855 742 1044 791 decernit,
1065 741 1151 778 ‘uti
1179 739 1360 778 consules
1389 739 1452 777 de-

130 808 278 848 lectum
297 808 492 858 habeant,
526 809 726 846 Antonius
754 821 842 846 cum
873 808 1049 845 exercitu
1081 806 1296 846 Catilinam
1325 818 1452 856 perse-

129 873 201 926 qui
232 878 427 923 maturet3
475 873 612 913 Cicero
646 873 735 912 urbi
771 873 954 924 praesidio
987 873 1062 911 sits
1122 871 1182 909 Ea
1216 875 1452 921 tempestate

132 937 231 977 mihi
250 938 455 988 imperium
475 938 610 988 populi
642 938 813 976 Romani
846 937 998 975 ”multo
1027 936 1197 974 maxime
1226 935 1451 974 miserabile

133 1003 261 1041 visum
300 1008 382 1052 θείη
421 1003 486 1041 cui
517 1017 637 1055 quum
673 1004 723 1041 ad
757 1017 935 1041 occasum
975 1003 1024 1041 ab
1064 1007 1154 1040 ortu
1191 1001 1284 1039 solis
1323 1001 1453 1054 onmia

134 1066 286 1105 domita
324 1068 442 1105 armis
479 1074 674 1118 parerent,
707 1069 813 1106 domi
851 1069 976 1106 otium
1017 1073 1134 1119 atquc
1172 1057 1453 1117 divitiae,{quae

134 1131 262 1182 prima
293 1131 480 1169 mortales
513 1137 666 1183 putant,
694 1133 908 1181 affluerent,
936 1133 1045 1170 fuere
1079 1138 1210 1169 tamen
1243 1131 1359 1179 cives,
1385 1130 1453 1182 qui

132 1207 254 1246 seque
274 1209 432 1247 remque
463 1197 662 1247 publicam
693 1196 902 1235 obstinatis
933 1197 1074 1235 animis
1106 1196 1304 1247 perditum
1337 1197 1450 1233 irent.

81 1293 117 1317 ff
137 1259 318 1310 Namque
337 1259 490 1298 duobus
510 1261 522 1278 ⁴
536 1261 662 1298 senati
683 1261 863 1310 decretis,
884 1275 932 1299 ex
963 1267 1073 1299 tanta
1103 1261 1372 1308 multitudine,
1391 1273 1454 1298 ne-

114 1322 211 1374 ⁷que
230 1323 390 1372 praemio
423 1323 607 1361 inductus
636 1325 947 1374 conjurationem
977 1325 1228 1375 patefecerat,
1249 1338 1374 1376 neque
1404 1338 1453 1362 ex

133 1386 275 1426 eastris
307 1387 491 1426 Catilinae
518 1389 726 1441 quisquam
757 1391 930 1428 omnium
961 1391 1218 1429 discesserat:
1255 1396 1367 1428 tanta
1394 1390 1458 1429 vis

134 1454 272 1504 morbi,
295 1454 355 1491 uti
376 1455 499 1502 tabes,
519 1455 725 1507 plerosque
745 1456 890 1494 civium
911 1456 1062 1494 animos
1085 1458 1291 1495 invaserat.

215 1519 445 1558 XXXVII.
480 1519 618 1571 Neque
651 1520 778 1558 solum
810 1521 890 1559 illis
922 1521 1077 1559 ²aliena
1111 1535 1222 1559 mens
1256 1526 1351 1571 erat,
1385 1521 1454 1572 qui

133 1586 281 1624 conscii
314 1586 598 1636 conjurationis
640 1587 808 1636 fuerant,
843 1587 911 1625 sed
950 1588 1106 1625 omnino
1146 1592 1287 1625 cuncta
1319 1587 1455 1638 plebes

134 1663 323 1688 novarum
351 1663 482 1687 rerum
518 1651 650 1688 studio
686 1650 870 1689 Catilinae
910 1653 1066 1702 incepta
1102 1652 1304 1702 probabat.
1377 1651 1455 1689 ²Id
1483 1668 1498 1682 o

135 1714 234 1752 adeo
254 1727 360 1752 more
393 1726 463 1752 suo
483 1707 693 1752 videbatur
723 1716 861 1753 facere.
922 1716 1025 1754 Nam
1047 1730 1201 1767 semper
1221 1717 1261 1754 in
1281 1717 1454 1767 civitate,

134 1778 280 1830 quibus
301 1791 392 1829 opes
421 1778 541 1816 nullae
562 1785 664 1828 sunt,
697 1779 835 1818 ³bonis
865 1780 1054 1831 invident,
1077 1781 1200 1819 malos
1229 1781 1452 1831 extollunt3

135 1848 271 1882 vetera
303 1843 431 1894 odere,
458 1857 558 1881 nova
589 1849 794 1895 exoptantg
827 1845 917 1883 odio
951 1859 1110 1884 suarum
1144 1860 1275 1884 rerum
1308 1847 1455 1884 mutari

135 1907 268 1946 omnia
286 1907 471 1957 student3
503 1908 621 1946 turba
640 1914 758 1960 atque
780 1910 1042 1948 seditionibus
1062 1910 1145 1948 sine
1167 1923 1260 1948 cura
1281 1911 1454 1959 aluntur,

135 1972 320 2024 quoniam
353 1978 507 2022 egestas
538 1972 653 2011 facile
683 1973 850 2012 habetur
879 1975 962 2012 sine
994 1975 1144 2013 damno.
1205 1975 1284 2014 Sed
1303 1975 1455 2013 urbana

137 2036 283 2089 plebes,
313 2036 387 2086 ‘ea
404 2049 496 2075 vero
530 2051 702 2089 praeceps
731 2039 831 2076 ierat
851 2039 987 2078 multis
1008 2040 1056 2078 de
1077 2040 1214 2078 causis.
1275 2040 1454 2078 Primum

137 2100 324 2151 omnium,
360 2100 430 2153 qui
477 2101 624 2153 ubique
671 2103 813 2153 probro
852 2109 971 2155 atque
1019 2105 1242 2155 petulantia
1281 2104 1454 2142 maxime

138 2165 420 2216 ‘praestabant‚
453 2165 550 2204 item
585 2166 665 2216 alii,
685 2181 753 2218 per
777 2169 977 2207 dedecora
1006 2169 1255 2220 patrimoniis
1289 2168 1455 2219 amissis,

110 2273 125 2280 -
137 2234 334 2280 postremo
353 2224 499 2278 ornnes,
514 2244 611 2282 quos
630 2231 821 2281 flagitium
843 2238 912 2270 aut
931 2233 1082 2270 facinus
1103 2233 1218 2270 domo
1239 2232 1455 2282 expulerat,

138 2291 168 2328 ii
189 2291 367 2341 Romam,
388 2293 506 2331 sicuti
527 2294 567 2332 in
587 2295 793 2346 sentinam,
809 2297 1086 2344 confluxerant.
1139 2298 1150 2314 ⁶
1166 2296 1319 2334 Deinde
1338 2295 1455 2333 multi

138 2366 330 2394 memores
351 2356 522 2397 Sullanae
541 2359 728 2411 victoriae,
744 2361 848 2412 quod
870 2375 917 2398 ox
936 2361 1128 2412 gregariis
1143 2361 1338 2399 militibus
1358 2361 1456 2399 alios

139 2425 338 2459 senatores
357 2422 556 2474 videbant,
577 2424 675 2462 alios
702 2424 759 2463 ita
789 2425 946 2476 divites,
968 2425 1027 2463 uti
1057 2425 1164 2476 regio
1195 2425 1304 2464 victu
1336 2431 1455 2478 atque

0 2215 11 2243 i.

0 2556 26 2586 ἱ..
43 2562 54 2572 ”
