1566 2586
184 183 254 219 120
525 197 563 221 c.
613 197 791 223 cnisri
837 199 1118 226 sALLthnx

175 299 399 333 venturum’
465 298 528 336 Sic
559 298 709 348 incepto
740 313 807 337 suo
844 301 1046 351 occultato,
1074 303 1207 356 pergit.
1229 304 1276 342 ad
1314 305 1453 343 flumen

177 359 330 396 Tanain.
1337 371 1342 375 “

251 424 358 462 XCI.
393 425 571 462 Ceterum
594 427 630 462 in
658 427 795 465 itinere
825 429 997 478 quotidie
1027 442 1141 479 pecus
1171 431 1357 468 exercitui
1385 445 1452 482 per

173 486 374 529 centurias,
395 487 487 522 item
511 488 518 503 ¹
538 492 684 524 turmas
698 489 898 539 aequaliter
914 490 1174 540 distribuerat,
1187 497 1236 541 et,
1252 494 1264 511 ²
1277 506 1324 530 ex
1339 494 1451 531 coriis

1379 0 1566 95 *⁴²³

1496 114 1498 117 .
1531 97 1566 126 ἕξ

173 555 277 585 utres
321 551 377 586 uti
418 551 561 597 fierent,
604 553 786 589 curabat:
832 554 946 591 simul
986 561 1024 592 et
1064 556 1228 605 inopiam
1267 557 1449 595 frumenti
1505 574 1508 576 ’

173 611 303 658 lenire,
325 619 373 658 et,
407 614 547 662 ignaris
582 616 767 663 omnibus,
798 630 942 666 parare,
963 631 1047 668 quae
1077 631 1165 656 mox
1198 620 1284 656 usui
1313 620 1447 658 forent.

173 674 347 724 Denique
383 682 490 712 sexto
523 677 595 713 die.
616 691 731 727 quum
764 679 810 715 ad
845 680 983 727 flunten
1013 685 1167 718 ventum
1197 686 1266 730 est,
1285 683 1450 720 maxima

170 737 228 774 vis
249 739 389 774 utrium
412 740 553 776 effecta.
606 741 667 777 Ibi
689 742 824 778 castris
844 742 918 780 levi
938 744 1175 781 munimento
1195 745 1339 793 positis,
1355 745 1451 788 mili·

171 805 229 836 tes
264 802 275 817 ³
289 801 413 838 cibum
437 815 582 851 capere,
603 809 727 854 atque.
748 805 805 840 uti
835 805 948 842 simul
979 819 1063 842 cum
1084 818 1217 844 occasu
1237 807 1328 844 solis
1348 820 1449 856 egre-

171 863 363 911 derentur,
383 871 535 913 paratos
556 879 636 902 esse
653 867 776 915 jubet,
790 868 964 905 omnibus
985 869 1142 905 sarcinis
1162 869 1332 918 abjectis,
1353 883 1449 920 aqua

169 927 281 963 modo
303 940 417 977 seque
450 934 490 964 et
517 930 692 978 jumenta
723 943 888 966 onerare.
947 931 1056 978 Dein,
1076 937 1276 982 postquam
1299 937 1448 981 tempus

169 989 303 1034 visum,
334 991 470 1027 castris
501 992 707 1040 egreditur,
737 994 988 1043 ⁴noctemque
1022 1000 1140 1030 totam
1172 994 1308 1031 itinere
1337 995 1449 1044 facto,

169 1054 362 1090 consedit:
394 1054 491 1090 idem
516 1055 688 1103 proxima
707 1056 820 1092 facit:
852 1056 938 1092 dein
970 1057 1084 1092 tertia
1103 1056 1225 1094 multo
1245 1062 1332 1094 ante
1353 1057 1448 1095 lucis

168 1117 373 1154 adventum
405 1119 577 1167 pervenit
611 1119 647 1155 in
683 1119 806 1156 locum
842 1120 1085 1169 tumulosum,
1126 1120 1173 1158 ab
1214 1121 1336 1170 Capsa
1373 1134 1447 1159 non

168 1181 330 1230 amplius
352 1182 467 1218 duum
490 1182 654 1218 millium
678 1183 889 1229 intervallo,
905 1183 1044 1233 ibique,
1057 1197 1169 1234 quam
1191 1184 1446 1222 occultissime

167 1250 306 1293 potest.
328 1258 412 1281 cum
443 1245 618 1282 omnibus
639 1245 757 1293 copiis
778 1246 981 1294 opperitur.
1040 1246 1114 1284 Sed
1136 1246 1201 1283 ubi
1222 1246 1304 1283 dies
1324 1248 1446 1296 coepit,

168 1313 207 1344 et
230 1308 420 1354 Numidae,
440 1307 537 1343 nihil
573 1307 713 1343 hostile
735 1313 960 1354 metuentes⁷
982 1308 1094 1344 multi
1126 1308 1263 1358 oppido
1291 1309 1446 1358 egressi,

166 1375 321 1418 repente
343 1383 490 1406 omnem
521 1370 746 1419 equitatum,
767 1375 804 1405 et
825 1382 908 1405 cum
944 1369 1002 1406 his
1022 1370 1278 1407 velocissimos
1298 1371 1445 1420 pedites

165 1446 277 1470 eursu
308 1433 462 1469 tendere
483 1433 530 1468 ad
554 1432 726 1481 Capsam,
747 1438 785 1468 et
805 1439 932 1481 portas
953 1433 1127 1470 obsidere
1143 1433 1275 1482 jubet:
1307 1434 1444 1471 deinde

167 1498 179 1514 ⁶
194 1497 272 1546 ipse
302 1497 472 1532 intentus
502 1508 660 1544 propere
683 1496 801 1545 sequi,
821 1494 941 1545 neque
962 1496 1106 1532 milites
1125 1497 1288 1546 praedari
1309 1497 1440 1534 sinere.

165 1558 286 1603 ‘Quae
319 1567 518 1608 postquam
559 1557 738 1606 oppidani
776 1570 994 1606 cognovere,
1023 1571 1083 1594 res
1120 1558 1290 1607 trepidae,
1319 1564 1444 1597 metus

165 1623 308 1671 ingens.
322 1621 463 1658 malum
485 1620 741 1669 improvisum,
758 1620 804 1656 ad
827 1620 894 1656 hoc
914 1633 1000 1669 pars
1020 1620 1159 1656 civium
1179 1626 1288 1658 extra·
1307 1622 1444 1659 moenia

165 1686 202 1723 in
242 1685 409 1722 hostium
447 1688 650 1733 potestate,
687 1695 854 1732 coegere,
891 1683 948 1719 uti
991 1683 1224 1720 deditionem
1263 1684 1440 1722 facerent.

165 1749 344 1786 Ceterum
375 1747 555 1796 oppidum
587 1746 792 1793 incensum,
827 1746 1006 1783 Numida}
1043 1746 1204 1795 puberes
1240 1746 1467 1791 interfecti«

162 1811 229 1848 alii
250 1823 379 1847 omnes
398 1822 535 1846 venum
557 1808 649 1856 dati,
669 1807 796 1857 praeda
816 1807 1005 1844 militibus
1025 1808 1157 1845 divisa.
1203 1809 1214 1827 ⁷
1229 1808 1276 1846 Id
1296 1809 1443 1847 facinus

162 1879 294 1910 eontra
319 1875 383 1921 jus
411 1871 505 1909 belli
535 1884 608 1907 non
629 1870 790 1907 avaritia
819 1883 940 1920 neque
962 1870 1103 1907 scelere
1123 1871 1288 1908 consulis
1308 1871 1448 1908 adluis--

163 1951 268 1976 sum:
311 1937 378 1973 sed
411 1935 501 1986 quia
535 1935 639 1971 locus
674 1934 882 1983 Jugurthae
916 1940 1161 1984 opportunus,
1190 1935 1310 1982 nobis·
1332 1935 1440 1971 aditu

161 2001 347 2048 difficilis,
369 2013 488 2049 genus
509 1998 703 2035 hominum
725 1997 877 2046 mobile,
898 1997 1054 2034 infidum
1074 2003 1172 2047 ante,
1190 2010 1312 2047 neque
1332 1996 1440 2035 bene—
1485 2012 1489 2017 >

160 2065 244 2102 ficio
264 2076 384 2114 neque
406 2068 510 2099 metu
530 2062 747 2098 coercitum.

240 2127 372 2166 XCII.
404 2127 613 2176 Postquam
635 2131 782 2162 tantam
802 2138 879 2162 rem
902 2124 1048 2162 Marius
1068 2124 1148 2161 sine
1175 2123 1255 2162 ullo
1285 2137 1436 2161 suorum

160 2190 398 2228 incommodo
439 2189 617 2238 patravit,
652 2201 811 2236 magnus
844 2193 882 2224 et
915 2188 1038 2224 clarus
1081 2192 1203 2235 antea,
1238 2188 1360 2236 major
1399 2192 1438 2224 et

160 2255 298 2291 clarior
319 2253 450 2290 haberi
470 2252 591 2301 coepit.
652 2253 659 2268 ¹
678 2251 828 2299 Omnia,
849 2264 922 2288 non
943 2251 1038 2287 bene
1058 2250 1232 2287 consulta
1252 2250 1291 2286 in
1321 2250 1437 2287 virtu-

159 2323 235 2355 tem
258 2317 510 2354 trahebantur
527 2328 534 2362 3
565 2313 721 2362 milites,
741 2314 912 2350 modesto
933 2312 1088 2362 imperio
1109 2312 1243 2360 habiti,
1263 2311 1378 2350 simul
1397 2315 1437 2348 et

158 2381 378 2431 locupletes,
398 2379 446 2416 ad
467 2377 601 2415 eoelum
623 2377 720 2413 ferre
736 2389 742 2424 3
768 2375 946 2413 Numidae
965 2375 1087 2424 magis
1101 2388 1214 2425 quam
1234 2373 1435 2413 mortalem
