1630 2626
197 190 247 226 56
542 201 584 225 0.
634 200 814 226 01118Ρ1
859 201 1139 227 5111108111

274 302 330 340 11.
363 302 464 340 Nam
491 302 550 340 uti
579 304 589 320 ¹
602 315 722 352 genus
754 302 949 340 hominum
981 303 1232 353 compositum
1252 316 1300 342 ex
1319 317 1474 355 corpore

197 369 236 402 et
256 364 382 401 anima
403 370 471 412 est,
492 365 546 401 ita
565 378 626 402 res
653 370 800 402 cunctae
819 365 1022 418 studiaque
1043 367 1169 402 omnia
1187 370 1328 415 nostra,
1347 379 1474 416 eorpo-

195 427 249 464 ris
277 427 363 473 alia,
385 427 461 464 alia
491 427 609 464 animi
631 433 807 464 naturam
829 433 1047 477 sequuntur.
1106 427 1235 476 Igitur
1261 429 1273 446 ²
1291 428 1474 477 praeclara

196 489 325 537 facies,
345 502 493 538 magnae
513 490 670 538 divitiae,
691 490 740 526 ad
772 490 843 527 hoc
863 490 920 527 vis
941 490 1108 538 corporis
1140 496 1179 527 et
1206 489 1282 527 alia
1301 490 1475 539 hujusce·

196 553 300 590 modi
321 553 447 589 omnia
467 553 573 591 brevi
594 553 840 601 dilabuntur3
875 558 914 590 at
947 553 1091 602 ingenii
1123 554 1276 603 egregia
1294 553 1477 606 facinora,

196 615 310 652 sicuti
330 617 467 664 anima7
489 615 722 652 immortalia
750 621 847 654 sunt.
905 615 1106 652 Postremo
1136 616 1147 633 ³
1161 616 1326 666 corporis
1346 621 1385 653 et
1402 615 1477 653 for-

197 684 300 716 tunae
321 679 505 717 bonorum
534 685 578 716 ut
607 679 772 727 initium,
792 680 845 716 sie
865 679 951 716 finis
970 684 1039 728 est,
1059 680 1259 730 omniaque
1280 685 1364 716 orta
1382 679 1476 717 occi-

197 742 304 790 dunt,
338 747 376 778 et
407 747 519 778 aucta
551 747 775 780 senescunt:
820 742 970 779 animus
1010 742 1266 792 incorruptus,
1298 747 1478 791 aeternus,

196 811 323 842 rector
341 805 498 842 humani
518 805 680 854 generis,
701 805 781 854 agit
810 809 923 855 atque
944 805 1060 842 habet
1088 810 1235 853 cuneta,
1255 816 1376 854 neque
1396 804 1478 854 ipse

197 868 369 907 habetur.
427 867 512 912 Quo
539 868 661 917 magis
693 868 863 917 pravitas
882 881 1011 904 eorum
1041 868 1052 884 ⁴
1069 867 1293 904 admiranda
1313 872 1380 915 est,
1399 866 1478 917 qui,

199 931 322 968 dediti
354 932 520 981 eorporis
543 931 706 980 gaudiis‚
726 944 794 980 per
813 930 945 967 luxum
967 935 1082 980 atque
1110 930 1300 979 ignaviam
1321 934 1476 967 aetatem

197 1001 327 1044 agunt,
347 1000 514 1031 ceterum
545 994 753 1043 ingenium,
771 1007 847 1044 quo
872 1006 995 1043 neque
1014 993 1152 1030 melius
1170 1005 1293 1042 neque
1314 991 1479 1042 amplius

198 1059 302 1096 aliud
336 1059 375 1094 in
400 1062 538 1095 natura
557 1057 776 1094 mortalium
798 1062 867 1105 est,
893 1056 1042 1092 incultu
1070 1060 1184 1105 atque
1205 1054 1377 1092 socordia
1403 1058 1480 1092 tor-

197 1134 350 1171 pescere
379 1121 530 1168 sinunt3
561 1133 678 1170 quum
697 1119 910 1169 praesertim
940 1124 1018 1155 tam
1039 1118 1173 1155 multae
1191 1117 1382 1169 variaeque
1401 1117 1480 1156 sint

198 1190 301 1222 artes
319 1183 449 1231 animi,
468 1182 608 1233 quibus
627 1195 776 1220 summa
797 1182 987 1219 claritudo
1006 1187 1174 1231 paratur.
1223 1211 1225 1213 .

277 1246 358 1284 ΙΙΙ.
392 1246 538 1283 Verum
570 1246 644 1282 ¹ex
663 1245 723 1282 his
750 1245 998 1293 magistratus
1028 1250 1067 1280 et
1097 1244 1266 1292 imperia,
1286 1248 1479 1292 postremo

198 1311 324 1349 omnis
343 1323 433 1347 cura
453 1322 579 1346 rerum
599 1308 840 1358 publicarum
868 1308 1024 1344 minime
1043 1307 1138 1344 mihi
1158 1307 1228 1343 hae
1248 1311 1480 1355 tempestate

198 1372 390 1423 cupiunda
421 1371 621 1418 videntur;
665 1370 844 1420 quoniam
877 1382 1000 1419 neque
1030 1369 1166 1406 virtuti
1203 1368 1322 1405 honos
1354 1368 1480 1417 datur,

197 1448 320 1486 neque
352 1435 422 1483 illi,
451 1434 590 1484 quibus
622 1445 688 1485 per
721 1432 893 1469 fraudem
922 1432 955 1468 is
985 1431 1071 1480 fuit,
1090 1431 1178 1480 tuti,
1197 1435 1264 1467 aut
1294 1443 1337 1468 80
1357 1430 1480 1480 magis

198 1499 349 1536 honesti
370 1502 468 1535 sunt.
526 1497 628 1534 Nam
647 1496 686 1533 vi
705 1495 859 1546 quidem
880 1508 1010 1544 regere
1043 1494 1207 1544 patriam
1237 1494 1250 1512 ²
1263 1498 1330 1531 aut
1349 1505 1480 1543 paren-

199 1568 268 1610 tes,
287 1573 518 1612 quamquam
538 1564 578 1596 et
595 1559 729 1608 possis,
749 1562 788 1595 et
819 1557 960 1594 delicta
989 1557 1168 1605 corrigas,
1187 1550 1314 1593 tamen
1344 1556 1481 1604 impor-

199 1632 334 1662 tunum
373 1629 451 1671 est3
509 1635 625 1673 quum
663 1621 877 1670 praesertim
915 1632 1045 1656 omnes
1084 1632 1211 1655 rerum
1247 1617 1482 1659 mutationes

199 1688 352 1733 eaedem,
371 1687 513 1734 fugam,
533 1684 682 1734 aliaque
702 1683 858 1720 hostilia
885 1682 1135 1731 portendant:
1166 1680 1333 1718 ’frustra
1351 1683 1480 1716 autem

199 1752 283 1800 niti,
302 1763 424 1800 neque
445 1749 550 1786 aliud
580 1761 618 1785 se
638 1746 837 1796 fatigando
856 1746 931 1782 nisi
951 1745 1079 1782 odium
1099 1756 1280 1795 quaerere,
1300 1748 1482 1780 extremae

202 1813 405 1851 dementiae
438 1817 517 1848 est:
561 1811 571 1828 ⁴
586 1810 661 1847 nisi
693 1810 792 1846 forte
820 1821 933 1858 quem
966 1807 1168 1859 inhonesto.
1200 1811 1239 1844 et
1269 1804 1482 1855 perniciosa

203 1876 323 1913 libido
353 1879 470 1921 tenet,
503 1872 686 1922 potentiae
718 1883 925 1920 paucorum
959 1870 1074 1908 decus
1107 1874 1223 1920 atque
1259 1869 1481 1907 libertatem

201 1952 307 1976 &uam
327 1937 543 1987 gratificari.
1150 1943 1156 1948 ·

281 2000 353 2038 IV.
387 1999 567 2037 Ceterum
588 2010 635 2034 ex
655 1996 743 2034 aliis
761 1996 938 2046 negotiis,
957 2008 1043 2046 quae
1072 1994 1225 2044 ingenio
1245 1996 1480 2040 exercentur,

203 2066 240 2101 111
261 2063 394 2113 primis
415 2074 551 2110 magno
571 2060 657 2096 usui
677 2065 736 2096 est
757 2061 766 2077 ¹
780 2059 962 2096 memoria
981 2072 1108 2096 rerum
1128 2062 1342 2107 gestarum:
1371 2055 1480 2104 cujus

203 2129 248 2165 de
279 2127 422 2165 virtute
451 2124 541 2175 quia
570 2123 683 2160 multi
717 2122 860 2170 dixere,
890 2120 1194 2171 praetereundum
1221 2123 1325 2168 puto,
1355 2116 1480 2166 simul,

203 2193 214 2210 ²
228 2205 274 2229 ne
304 2203 370 2240 per
401 2185 643 2226 insolentiam
675 2186 762 2236 quis
781 2186 977 2222 existimet
996 2189 1135 2222 memet
1155 2182 1324 2220 studium
1353 2193 1480 2218 meum

203 2254 395 2292 laudando
425 2250 619 2289 extollere.
677 2249 808 2299 Atque
840 2261 908 2298 ego
939 2248 1052 2285 eredo
1080 2247 1197 2295 ³fore,
1215 2245 1293 2296 qui=
1311 2244 1402 2295 quia
1421 2243 1484 2281 de-

206 2317 308 2354 crevi
326 2314 459 2365 procul
479 2327 501 2351 a
527 2325 568 2350 re
592 2311 746 2362 publica
773 2316 928 2348 aetatem
949 2323 1071 2360 agere,
1091 2314 1198 2346 tanto
1219 2314 1373 2358 tamque
1390 2306 1482 2344 utili

207 2380 328 2418 labori
349 2392 431 2415 meo
451 2389 588 2415 nomen
608 2374 757 2413 inertiae
778 2374 995 2423 imponant3
1027 2377 1140 2422 certe,
1158 2371 1296 2422 quibus
1316 2369 1481 2407 maxima
