1586 2586
637 191 920 218 cA'r1L1NA.
1388 183 1439 221 25

120 295 171 335 ad
188 295 435 335 consulatum
456 295 723 334 mandandum
744 295 797 334 M.
822 295 955 334 Tullio
978 295 1167 335 Ciceroni.
1226 297 1239 315 ⁸
1255 297 1436 349 Namque

119 366 236 400 antea
262 361 455 413 pleraque
479 361 668 399 nobilitas
699 361 847 399 invidia
867 362 1075 410 aestuabat,
1096 368 1136 400 et
1167 363 1279 414 quasi
1308 363 1433 413 pollui

119 426 363 465 consulatum
385 426 608 476 credebant,
625 426 657 463 si
678 439 767 464 eum
786 426 964 477 quamvis
981 427 1163 477 egregius
1182 427 1296 465 homo
1312 440 1435 465 novus

118 491 283 543 adeptus
313 492 424 529 foret.
484 491 562 530 Sed
595 491 663 529 ubi
694 491 911 542 periculum
943 491 1113 542 advenit,
1135 492 1284 530 invidia
1313 497 1433 544 atque

111 557 301 608 superbia
321 558 334 575 ⁶
346 562 435 608 post
455 557 574 594 fuere.

197 621 358 660 XXIV.
404 622 547 672 Igitur,
582 621 752 660 comitiis
787 621 947 671 habitis,
974 622 1153 660 consules
1182 622 1433 660 declarantur

118 685 171 723 M.
197 685 353 723 Tullius
372 691 412 723 et
434 685 474 724 O.
500 685 721 734 Antonius3
756 685 883 736 ¹quod
904 685 1052 722 factum
1081 698 1206 736 pruno
1227 685 1432 736 populares

116 750 396 800 conjurationis
430 755 687 787 concusserat.
760 749 899 800 Neque
934 754 1066 787 tamen
1101 749 1285 788 Catilinae
1322 749 1431 788 furor

115 814 375 863 minuebatur,
405 814 472 851 sed
507 814 546 851 in
579 814 662 851 dies
692 813 833 863 ²plura
864 813 1027 863 agitare,
1048 827 1157 851 arma
1177 827 1244 864 per
1266 813 1428 852 Italiam

114 879 210 917 locis
243 879 472 930 opportunis
506 892 653 929 parare,
682 879 884 929 pecuniam
907 891 977 916 sua
1009 884 1077 916 aut
1109 879 1323 916 amicorum
1352 878 1428 916 fide

115 950 309 994 sumptam
330 949 506 982 mutuam
530 943 702 981 Faesulas
723 943 772 980 ad
806 942 1000 980 Manlium
1030 944 1238 995 quemdam
1259 948 1427 994 portare,

114 1007 182 1058 qui
225 1013 359 1058 postea
395 1008 574 1058 princeps
604 1007 681 1045 fuit
714 1007 808 1046 belli
851 1008 1036 1045 faciundi.
1097 1008 1157 1046 Ea
1190 1012 1427 1058 tempestate

114 1071 302 1122 plurimos
335 1073 522 1122 cujusque
551 1071 704 1121 generis
734 1071 910 1109 homines
931 1072 1142 1110 adscivisse
1163 1072 1239 1110 sibi
1270 1072 1426 1122 dicitur,

114 1135 298 1173 mulieres
318 1135 438 1172 etiam
459 1135 620 1186 aliquot,
639 1147 738 1186 quae,
767 1135 779 1153 ⁹
793 1135 863 1173 ubi
893 1141 990 1173 aetas
1010 1136 1283 1174 tantummodo
1303 1149 1422 1187 quaes-

113 1201 172 1238 tui
200 1213 325 1251 neque
346 1199 514 1238 luxuriae
533 1200 691 1238 modum
713 1201 871 1248 fecerat,
892 1213 945 1238 aes
965 1200 1136 1238 alienum
1156 1201 1304 1251 grande
1334 1214 1420 1239 con-

110 1266 305 1304 flaverant.
377 1265 454 1303 Per
481 1279 546 1303 eas
580 1279 620 1303 se
657 1265 832 1304 Catilina
862 1266 1048 1303 credebat
1081 1280 1192 1317 posse
1237 1267 1423 1306 ⁴servitia

110 1330 258 1369 urbana
277 1329 503 1378 sollicitare,
523 1330 659 1368 urbem
691 1329 908 1380 incendere,
928 1330 1032 1368 viros
1052 1343 1185 1368 earum
1206 1330 1268 1369 vel
1289 1331 1424 1382 adjun-

107 1408 199 1446 gere
219 1394 305 1443 sibi,
325 1394 388 1433 vel
409 1395 635 1432 interficere.

187 1457 322 1497 XXV.
356 1458 433 1498 Sed
467 1459 507 1496 in
540 1459 601 1496 his
635 1463 720 1496 erat
751 1458 1016 1510 'Sempronia,
1045 1472 1132 1512 quae
1161 1460 1286 1498 multa
1321 1474 1421 1511 saepe

107 1523 231 1562 virilis
262 1523 436 1562 audaciae
466 1523 640 1561 facinora
669 1524 927 1561 commiserat.
988 1524 1087 1562 Haec
1116 1525 1259 1563 mulier
1278 1538 1420 1575 genere

106 1593 223 1639 atque
258 1588 394 1636 forma,
427 1593 618 1638 praeterea
652 1588 747 1636 viro,
782 1587 919 1625 liberis
954 1588 1050 1625 satis
1084 1589 1285 1626 fortunata
1317 1589 1417 1626 fuit:

105 1651 251 1689 litteris
271 1650 419 1690 Graecis
439 1657 480 1688 et
502 1651 656 1688 Latinis
677 1651 803 1699 docta,
823 1651 1002 1700 psallere,
1023 1651 1167 1689 saltare
1188 1652 1421 1703 elegantius,

105 1729 222 1767 quam
254 1727 413 1752 necesse
447 1721 507 1752 est
539 1715 683 1765 probae,
724 1714 877 1752 ²multa
912 1715 1000 1764 alia,
1035 1728 1123 1766 quae
1157 1716 1420 1755 instrumenta

104 1780 271 1818 luxuriae
290 1785 390 1818 sunt.
450 1778 526 1817 Sed
561 1779 597 1816 ei
629 1779 779 1816 cariora
811 1792 962 1829 semper
992 1779 1122 1816 omnia
1152 1793 1269 1831 quam
1301 1781 1419 1819 decus

104 1850 222 1897 atque
255 1843 447 1895 pudicitia
480 1844 577 1881 fuit:
609 1843 808 1894 ⁸pecuniae
842 1857 891 1880 an
918 1844 1034 1886 famae
1068 1844 1197 1882 minus
1227 1850 1417 1896 parceret,

102 1908 208 1947 haud
241 1908 356 1946 facile
390 1907 650 1957 discerneres3
696 1907 862 1946 libidine
897 1907 951 1944 sic
986 1921 1158 1957 accensa,
1191 1913 1236 1946 ut
1270 1908 1412 1960 saepius

101 1979 255 2026 peteret
274 1974 389 2022 viros,
409 1986 525 2024 quam
546 1977 757 2023 peteretur.
817 1971 895 2011 Sed
923 1985 969 2010 ea
989 1985 1090 2023 saepe
1112 1972 1279 2010 antehac
1299 1972 1415 2010 fidem

101 2038 340 2090 prodiderat,
374 2037 595 2074 ‘creditum
629 2037 890 2088 abjuraverat,
924 2038 1043 2076 caedis
1081 2037 1236 2075 conscia
1273 2037 1415 2086 fuerat,

101 2101 258 2140 luxuria
279 2106 396 2152 atque
423 2101 560 2151 inopia
591 2114 762 2152 praeceps
782 2102 942 2140 abierat.
1003 2101 1156 2140 Verum
1187 2100 1414 2151 ‘ingenium

101 2167 186 2216 ejus
215 2165 320 2203 haud
349 2165 585 2215 absurdum,
617 2179 729 2216 posse
758 2180 894 2205 versus
923 2167 1063 2216 facere,
1082 2167 1215 2216 jocum
1246 2177 1434 2220 movere,¹

101 2243 278 2269 sermone
311 2230 371 2267 uti
404 2230 469 2268 vel
503 2230 681 2268 modesto
714 2231 776 2269 vel
810 2231 922 2270 molli
955 2231 1019 2270 vel
1051 2229 1223 2282 procaci;
1255 2241 1414 2279 prorsus

101 2293 236 2333 multae
255 2294 407 2332 facetiae
426 2294 651 2346 mult-usque
672 2295 780 2346 lepos
799 2296 936 2334 inerat.

181 2357 341 2396 XXVI.
374 2358 452 2397 His
486 2358 603 2396 rebus
637 2360 881 2410 comparatis,
917 2359 1093 2399 Catilina
1125 2356 1250 2395 nihilo
1283 2355 1412 2394 minus

39 2431 42 2434 ’
104 2420 169 2460 'in
200 2422 418 2473 proximum
440 2437 581 2461 annum
609 2424 854 2462 consulatum
874 2424 1056 2475 petebat;
1088 2434 1257 2473 sperans,
1283 2420 1317 2459 si
1350 2419 1412 2459 de-

407 2490 432 2524 2
