1566 2586
178 146 248 184 104
390 163 420 190 φ
520 161 561 185 c.
612 159 791 186 caxsm
837 161 1119 187 szmnusrn

162 261 243 310 jam
281 260 519 298 ⁹abuuentes
551 262 688 310 omnia,
719 263 830 300 docet
860 263 1063 312 ‘oppidum
1098 262 1250 313 Vagam
1277 277 1353 302 non
1373 277 1452 302 am-

164 323 264 374 plius
285 324 390 362 mille
409 339 588 374 passuum
609 326 740 363 abesse
757 340 763 363 2
795 326 927 363 decere
949 326 1036 363 illos
1055 326 1246 377 reliquum
1275 327 1447 366 laborem

164 399 274 437 aequo
315 388 441 424 animo
480 388 571 437 pati,
611 389 700 425 dum
743 402 811 438 pro
848 389 996 425 civibus
1033 389 1122 434 suis,
1155 389 1248 426 vil-Is
1286 390 1448 427 fortissi-

163 451 237 486 mis
265 456 380 501 atque
412 451 647 499 miserrimis,
677 465 805 500 poenas
838 453 1049 500 caperent1⁷
1078 458 1263 501 praeterea
1282 453 1449 502 praedam

164 513 329 562 benigne
359 519 536 551 ostentat.
595 514 658 552 Sic
689 514 826 551 animis
853 527 985 550 eorum
1019 514 1188 564 arrectis,
1209 515 1358 564 equites
1385 515 1450 552 'in

164 577 287 626 primo
317 578 407 626 late,
426 578 576 628 pedites
609 591 723 628 quam
755 578 947 616 artissime
979 577 1043 626 ire,
1064 582 1103 615 et
1129 578 1237 627 signa
1256 578 1451 616 occultare

161 639 283 689 jubet.

243 702 393 740 LXIX.
427 703 626 753 Vagenses
645 703 714 742 ubi
735 704 927 741 ¹animum
948 703 1150 741 advertere
1171 703 1218 740 ad
1239 717 1279 740 se
1298 706 1448 741 versum

165 767 376 804 exereitum
397 780 564 816 pergere,
590 767 723 817 primo,
743 767 801 804 uti
821 772 904 815 erat
923 780 995 814 res,
1013 766 1216 804 Metellum
1247 779 1329 803 esse
1362 766 1451 815 rati,

162 835 291 879 portas
313 830 502 867 elausere:
535 830 684 879 deinde,
703 830 769 867 ubi
789 842 911 880 neque
932 843 1042 878 agros
1062 829 1214 875 vastari,
1231 834 1270 866 et
1290 841 1363 876 eos,
1383 827 1449 879 qui

163 893 277 942 primi
298 893 468 941 adei-ant,
490 893 681 930 Numidas
701 893 852 943 equites
871 892 1016 941 vident,
1035 905 1185 929 rursum
1209 891 1449 940 ,Iugurtham

163 956 354 1006 arbitrati,
385 969 471 993 cum
506 969 643 1006 magno
671 957 813 1006 gaudio
847 956 951 994 obvii
989 955 1212 1006 procedunt.
1286 955 1451 1005 Equites

163 1020 400 1070 peditesque,
416 1026 572 1069 repente
592 1020 700 1068 signo
716 1020 818 1068 dato,
837 1020 849 1037 ²
864 1019 931 1056 alii
950 1019 1107 1068 vulgum
1130 1019 1290 1055 effusum
1311 1017 1452 1067 oppido

164 1083 319 1131 eaedere,
348 1083 415 1119 alii
454 1083 502 1119 ad
535 1088 666 1132 portas
698 1083 893 1130 festinare,
926 1095 1012 1132 pars
1046 1087 1172 1118 turres
1204 1090 1360 1130 ca.pere;
1392 1079 1450 1117 ira

163 1152 278 1196 atque
290 1146 428 1195 praedae
448 1158 534 1195 spes
548 1145 712 1195 amplius
732 1158 845 1195 quain
862 1144 1049 1181 lassitudo
1069 1157 1187 1194 posse.
1219 1143 1283 1181 Ita
1299 1143 1451 1193 Vagen-

163 1223 222 1246 ses
255 1210 414 1247 biduum
447 1209 559 1246 modo
593 1222 640 1246 ex
673 1209 834 1258 perfidia
867 1209 878 1226 ³
892 1208 1035 1246 laetati:
1078 1208 1214 1244 civitas
1244 1219 1381 1256 magna
1409 1211 1450 1244 et

164 1274 321 1323 opulens
349 1279 485 1310 cuncta
513 1287 632 1323 poenae
662 1279 729 1310 aut
760 1273 900 1322 praedae
928 1273 1012 1309 fuit.
1073 1271 1281 1321 TurpiliuS,
1309 1271 1448 1321 ⁴quem

162 1337 385 1386 praefectum
407 1337 536 1386 oppidi
557 1350 675 1373 unum
696 1349 742 1372 ex
763 1336 940 1372 omnibus
958 1335 1172 1385 profugisse
1194 1347 1307 1384 supra
1326 1340 1451 1372 osten-

164 1400 300 1448 dimus,
317 1402 447 1448 jussus
466 1413 487 1436 a
505 1399 665 1436 Metello
681 1412 834 1436 eausam
851 1399 988 1446 dicere,
1001 1403 1201 1448 postquam
1217 1410 1299 1435 sese
1315 1411 1448 1447 parum

164 1467 363 1512 expurgat,
383 1462 660 1498 condemnatus
680 1461 980 1511 verberatusque
1000 1460 1127 1510 capite
1157 1472 1287 1510 poenas
1306 1460 1422 1498 solvit
1439 1473 1447 1496 :

164 1539 249 1562 nam
273 1528 304 1562 is
326 1525 419 1561 civis
440 1539 487 1561 ex
510 1525 625 1562 Latio
645 1530 736 1562 erat.

244 1588 369 1625 LXX.
403 1588 479 1625 Per
507 1588 607 1624 idem
639 1592 789 1636 tempus
821 1586 1024 1634 Bomilcar,
1045 1587 1155 1634 cujus
1183 1585 1351 1634 impulsu
1379 1585 1450 1622 Ju-

163 1652 303 1701 gurtha
324 1651 569 1699 deditionem,
584 1663 697 1701 quam
718 1655 823 1686 metu
839 1650 1018 1696 deseruit,
1035 1649 1237 1698 inceperat,
1253 1653 1452 1698 suspectus

164 1717 255 1765 regi,
276 1722 314 1752 et
335 1716 415 1765 ipse
436 1729 520 1752 eum
542 1715 762 1764 suspiciens,
777 1727 893 1751 novas
913 1726 973 1750 res
989 1725 1136 1762 cupere,
1155 1713 1161 1729 ¹
1178 1712 1225 1749 ad
1241 1711 1450 1762 perniciem

166 1781 247 1828 ejus
276 1779 403 1816 dolum
435 1791 615 1828 quaerere,
636 1778 697 1814 die
728 1783 917 1827 noctuque
949 1776 1112 1825 fatigare
1143 1775 1320 1812 animum.
1378 1774 1452 1812 De-

164 1843 278 1892 nique
316 1842 442 1879 omnia
480 1841 674 1890 tentando,
707 1841 850 1877 socium
884 1839 957 1876 sibi
990 1838 1168 1888 adjungit
1202 1837 1451 1886 Nabdalsam,

165 1905 356 1942 hominem
402 1904 581 1952 nobilem,
619 1904 768 1953 magnis
813 1903 958 1953 opibus,
996 1914 1126 1939 carum
1173 1906 1450 1950 acceptumque

166 1968 411 2018 popularibus
431 1967 521 2016 suis,
541 1967 606 2017 qui
625 1967 850 2017 plerumque
872 1979 1040 2003 seorsum
1062 1965 1109 2002 ab
1128 1976 1217 2013 rege
1237 1963 1448 2000 exereitum

167 2032 323 2068 ductare
345 2035 383 2067 et
409 2043 541 2067 omnes
569 2043 630 2067 res
661 2030 817 2080 exsequi
848 2029 984 2066 solitus
1015 2032 1106 2074 erat,
1126 2039 1211 2076 quae
1241 2024 1450 2074 Jugurthae

167 2096 266 2132 fesso
282 2099 348 2130 aut
363 2093 571 2143 majoribus
586 2093 771 2130 adstricto
791 2095 1062 2141 superaverant
1076 2103 1082 2137 ;
1106 2102 1152 2126 ex
1165 2100 1239 2138 quo
1254 2087 1312 2124 illi
1325 2086 1449 2136 gloria

168 2170 333 2208 opesque
348 2157 521 2194 inventae.
562 2156 690 2204 Igitur
709 2156 908 2206 utriusque
929 2152 1086 2190 consilio
1106 2151 1188 2188 dies
1209 2149 1360 2186 insidiis
1375 2154 1450 2186 sta·

168 2222 315 2258 tuitur:
338 2222 345 2241 ³
363 2226 501 2269 cetera,
516 2221 573 2257 uti
594 2233 653 2257 res
673 2226 855 2270 posceret,
876 2233 922 2256 ex
942 2224 1110 2266 tempore
1136 2214 1272 2264 parari⁷
1288 2213 1446 2263 placuit.

169 2285 367 2322 Nabdalsa
387 2285 434 2321 ad
455 2284 666 2321 exercitum
694 2284 897 2333 profectus,
916 2293 1028 2332 quem
1058 2279 1158 2315 inter
1185 2277 1345 2314 hiberna
1374 2276 1451 2314 Ro-

168 2360 365 2385 manorum
392 2349 522 2397 jussus
550 2346 728 2395 habebat,
748 2359 794 2383 ne
826 2358 926 2395 ager,
954 2342 1088 2380 inultis
1117 2339 1302 2388 hostibus,
1330 2343 1452 2376 vasta-
