1586 2600
659 173 968 200 JUGURTHA.
1424 160 1475 198 57

160 281 356 320 industria
392 279 551 318 videtur
591 278 763 317 salutare
803 277 958 328 plebem
998 280 1038 314 et
1077 274 1265 313 conviviis
1302 274 1473 324 gratiam

156 357 340 398 quaerere.
399 345 411 362 ⁴
431 343 508 390 Qui
541 343 574 381 81
605 342 885 393 reputaverint,
905 347 944 378 et
975 340 1119 392 quibus
1140 353 1210 390 ego
1232 339 1474 388 temporibus

155 409 430 460 magistratum
453 408 618 458 adeptus
639 407 723 456 sim,
737 412 776 444 et
795 406 930 457 quales
950 405 1025 443 viri
1047 405 1150 441 idem
1167 403 1322 454 assequi
1341 404 1473 454 nequi-

155 474 299 522 verint,
320 478 360 511 et
379 478 515 524 postea
544 485 631 523 quae
650 484 792 522 genera
812 470 1012 508 hominum
1033 469 1073 506 in
1094 474 1272 506 senatum
1294 481 1473 518 pervene-

156 536 250 585 rint,
271 537 444 587 profecto
465 528 750 573 existimabunt
770 547 830 571 me
851 534 979 584 magis
999 533 1140 570 merito
1171 545 1287 583 quam
1318 531 1474 581 ignavia

154 601 348 652 judicium
382 601 504 639 animi
543 601 620 638 mei
651 599 875 648 mutavisse,
910 600 1114 649 majusque
1144 597 1389 635 commodum
1425 609 1473 634 ex

157 665 239 703 otio
259 678 356 715 meo,
375 679 492 717 quam
513 679 561 702 ex
583 665 749 702 aliorum
772 663 952 714 negotiis,
974 663 1031 700 rei
1062 662 1231 713 publicae
1251 667 1469 699 venturum.

158 729 264 768 Nam
295 742 396 780 saepe
429 742 499 780 ego
531 729 675 779 audivi,
708 727 778 774 ⁶Q.
804 727 1036 777 Maximum,
1058 727 1101 764 P.
1127 726 1360 776 Scipionem,
1379 738 1473 775 prac-

159 799 267 832 terea
300 794 475 831 civitatis
505 798 648 831 nostrae
685 792 893 843 praeclaros
926 791 1030 830 viros
1064 791 1201 829 solitos
1236 791 1293 827 ita
1327 789 1470 838 dicere,

157 859 302 910 ‘quum
331 860 522 908 majorum
544 857 735 908 imagines
755 857 1015 906 intuerentur,
1035 854 1374 893 vehementissime
1396 853 1472 891 sibi

159 923 330 961 animum
350 923 399 961 ad
418 922 607 960 virtutem
629 921 811 959 accendi.'
868 920 1058 959 “Scilicet
1086 932 1163 956 non
1198 931 1325 956 ceram
1361 917 1470 954 illam

159 999 284 1038 neque
314 987 478 1036 figuram
512 991 663 1023 tantam
695 986 774 1023 vim
808 985 849 1022 in
883 997 966 1023 sese
1001 983 1156 1032 habere,
1187 982 1255 1020 sed
1284 981 1471 1019 memoria

158 1063 290 1088 rerum
324 1056 523 1100 gestarum
558 1063 642 1087 eam
675 1050 871 1087 flammam
905 1048 1074 1099 egregils
1107 1047 1204 1085 viris
1238 1047 1278 1084 in
1315 1052 1471 1097 pectore

159 1125 346 1162 61686616,
377 1126 503 1164 neque
537 1113 646 1164 prius
679 1113 819 1161 sedari,
852 1126 969 1163 quam
999 1112 1124 1150 virtus
1159 1124 1291 1148 eorum
1326 1111 1470 1147 famam

157 1182 275 1228 atque
305 1177 471 1227 gloriam
502 1177 777 1228 adaequaverit.
804 1215 806 1218 ,
836 1177 894 1214 At
925 1181 1072 1225 contra,
1091 1175 1180 1227 quis
1208 1180 1268 1212 est
1299 1174 1470 1212 omnium

157 1240 244 1278 ’his
276 1241 462 1289 moribus,
496 1241 591 1292 quin
626 1241 779 1278 divitiis
813 1245 852 1278 et
891 1240 1123 1290 sumptibus,
1157 1252 1233 1276 non
1271 1238 1471 1289 probitate

154 1317 280 1356 neque
315 1304 510 1342 industria
543 1317 630 1341 cum
664 1304 880 1354 majoribus
911 1304 992 1341 suis
1026 1302 1264 1341 contendat?
1335 1301 1469 1339 Etiam

155 1368 168 1386 ⁸
184 1368 362 1406 homines
381 1369 484 1418 novi,
504 1369 572 1420 qui
593 1374 709 1406 antea
728 1381 798 1418 per
817 1368 1005 1406 virtutem
1027 1367 1135 1405 soliti
1156 1375 1268 1404 erant
1287 1365 1470 1404 nobilita-

153 1437 236 1471 tem
255 1433 494 1482 antevenire,
513 1433 651 1470 furt‘im
672 1438 712 1470 et
742 1446 811 1483 per
842 1432 1048 1470 latrocinia
1068 1432 1198 1482 potius
1218 1445 1334 1482 quam
1355 1430 1469 1469 bonis

153 1497 304 1536 artibus
333 1497 382 1535 ad
413 1497 578 1548 imperia
611 1502 651 1535 et
683 1497 848 1535 honores
881 1497 1085 1546 nituntur,
1133 1495 1321 1546 ”proinde
1355 1495 1468 1546 quasi

153 1566 326 1612 praetura
356 1566 396 1599 et
427 1561 664 1610 consulatus,
695 1566 812 1612 atque
843 1561 921 1598 alia
941 1561 1070 1598 omnia
1099 1559 1380 1610 hujuscemodi,
1399 1572 1470 1609 per

154 1637 196 1663 se
215 1625 298 1675 ipsa
317 1624 423 1663 clara
443 1630 483 1662 et
508 1625 714 1675 magnifica
746 1625 836 1674 sint,
857 1638 901 1662 ac
934 1638 1010 1662 non
1043 1624 1206 1674 perinde
1237 1623 1468 1673 habeantur,

153 1692 199 1726 ut
218 1700 363 1737 eorum,
383 1687 452 1739 qui
471 1701 517 1725 ea
537 1688 744 1738 sustinent,
763 1688 891 1726 virtus
911 1693 979 1726 est.
1039 1687 1190 1725 Verum
1211 1701 1282 1738 ego
1303 1687 1468 1725 liberius

153 1752 351 1804 altiusque
371 1753 552 1803 processi,
583 1754 609 1772 ¹⁰
623 1753 716 1791 dum
737 1766 797 1791 me
819 1753 992 1792 civitatis
1022 1767 1174 1791 morum
1204 1753 1313 1804 piget
1332 1753 1467 1791 taedet-

152 1829 249 1868 que:
279 1829 381 1854 nunc
402 1817 451 1854 ad
471 1817 670 1868 inceptum
690 1818 816 1856 redeo.

234 1880 283 1919 V.
327 1881 511 1919 1Β61111111
543 1882 761 1932 scripturus
795 1895 892 1933 sum,
924 1882 1029 1934 quod
1062 1881 1228 1933 populus
1262 1881 1466 1920 Romanus

151 1958 239 1983 cum
260 1945 291 1983 J
293 1945 463 1995 ugurtha
482 1944 572 1996 rbge
594 1946 866 1996 Numidarum,
886 1947 1028 1997 gessit:
1050 1946 1231 1997 primum,
1251 1946 1343 1998 quia
1363 1959 1452 1996 mag

151 2023 243 2048 num
277 2014 318 2047 et
346 2015 460 2047 atrox
487 2010 671 2061 variaque
699 2011 864 2049 victoria
883 2011 982 2060 fuit,
1015 2011 1118 2061 dein,
1148 2011 1240 2062 quia
1269 2016 1361 2049 tunc
1389 2011 1462 2061 pri-

150 2087 257 2112 mum
277 2074 469 2125 superbiae
488 2074 718 2114 nobilitatis
730 2076 884 2115 obviam
905 2077 1004 2114 itum
1026 2081 1094 2115 est.
1146 2076 1243 2122 Quae
1264 2076 1463 2114 contentio

151 2138 284 2177 divina
304 2144 344 2177 et
373 2139 544 2177 humana
575 2145 716 2178 cuncta
745 2141 987 2191 permiscuit,
1008 2154 1129 2192 eoque
1155 2141 1348 2179 vecordiae
1380 2153 1463 2190 pro-

151 2204 280 2254 cessit,
311 2203 373 2241 uti
403 2203 546 2242 studiis
577 2204 759 2243 civilibus
800 2205 949 2244 bellum
983 2210 1100 2257 atque
1133 2205 1298 2243 vastitas
1330 2203 1463 2243 Italiae

150 2267 265 2306 finem
284 2267 439 2306 faceret.
499 2267 577 2307 Sed
596 2269 822 2320 priusquam
842 2269 1112 2320 hujuscemodi
1132 2269 1189 2307 rei
1222 2268 1380 2306 initium
1399 2281 1460 2306 ex—

151 2330 276 2380 pedio,
303 2332 316 2350 ²
329 2345 451 2382 pauca
479 2345 596 2383 supra
615 2338 801 2383 repetam,
821 2347 897 2385 quo
918 2333 968 2371 ad
1000 2331 1311 2383 cognoscendum
1331 2332 1462 2371 omnia

151 2393 322 2433 illustria
353 2397 479 2447 magis
509 2397 711 2448 magisque
742 2397 782 2435 in
812 2403 947 2448 aperto
981 2398 1069 2435 sint.
1129 2397 1141 2414 ³
1158 2396 1275 2435 Bello
1309 2396 1460 2436 Punico

454 2461 501 2498 3*
