1566 2586
0 2242 8 2378 --—-=r-·v·-=
0 2218 4 2223 v
3 2191 6 2194 .
2 2155 8 2162 ,.

627 209 936 236 sueva-rna.
1370 202 1438 238 111

126 315 220 351 crat.
279 310 414 350 Etiam
439 316 554 350 antea
586 311 822 363 ‘Jugurthae
842 312 922 350 filia
942 311 1091 351 Bocchi
1110 319 1306 364 nupserat.
1365 315 1440 354 Ve-

125 388 212 415 rum
246 376 259 395 ⁸
275 389 320 414 ea
339 377 588 415 necessitudo
608 377 711 427 apud
744 377 939 415 Numidas
962 377 1199 429 Maurosque
1220 377 1318 416 levis
1339 371 1442 416 duci-

125 443 202 487 tur⁷
217 441 309 492 quia
328 440 485 491 singuli,
501 455 569 491 pro
590 441 729 492 opibus
749 442 926 493 quisque7
942 455 1058 493 quam
1079 442 1269 492 plurimas
1289 456 1442 493 uxores,

126 504 245 543 denas
276 505 355 554 alii,
375 505 442 542 alii
473 505 605 556 plures
637 506 794 555 habent,
829 506 896 543 sed
928 519 1039 556 reges
1063 519 1107 544 eo
1138 506 1316 556 amplius.
1376 506 1441 544 Ita

125 569 306 607 ’animus
338 569 593 607 multitudine
614 569 872 607 distrahitur:
902 569 1012 607 nulla
1042 583 1111 620 pro
1140 570 1244 608 socia
1263 570 1438 620 obtinet;

123 633 270 686 pariter
289 646 422 672 omnes
442 633 539 672 viles
560 641 660 672 sunt.

206 697 404 736 LXXXI.
437 699 568 748 Igitur
589 699 629 736 in
648 699 776 736 locum
799 700 807 717 ¹
824 699 1013 737 ambobus
1032 698 1221 750 placitum
1242 699 1440 737 exercitus

124 763 370 800 conveniunt.
441 763 517 812 Ibi,
547 763 623 801 fide
658 763 751 801 data
781 769 820 801 et
850 769 1020 814 accepta,
1053 763 1257 814 «Iugurtha
1291 763 1440 802 Bocchi

123 827 296 865 animum
327 828 503 865 oratione
537 828 736 865 accendit:
778 828 1000 866 ‘Romanos
1035 828 1215 878 injustos=
1246 828 1439 878 profunda

122 891 300 941 avaritia,
331 904 556 930 communes
593 892 767 930 omnium
805 893 938 930 hostes
976 906 1080 930 esse:
1126 893 1289 930 eandem
1319 892 1439 930 ²illos

122 969 277 995 causam
298 957 394 996 belli
415 970 503 995 cum
530 957 686 996 Boccho
707 958 862 1007 habere,
881 972 994 1010 quam
1020 971 1150 996 secum
1172 963 1212 996 et
1241 971 1328 996 cum
1349 957 1438 995 aliis

121 1021 318 1072 gentibus,
337 1021 546 1060 libidinem
579 1023 844 1073 imperitandi,
864 1028 953 1074 quis
985 1023 1114 1061 omnia
1134 1036 1254 1073 regna
1275 1023 1439 1060 adversa

122 1086 222 1124 sint:
254 1086 364 1124 ''tum
396 1100 490 1136 sese,
510 1087 626 1137 paulo
657 1093 748 1125 ante
781 1087 1139 1137 Carthaginienses,
1160 1088 1255 1125 item
1289 1088 1437 1125 Persen

121 1165 265 1203 regem5
295 1158 394 1203 post,
415 1153 474 1190 uti
505 1153 671 1204 quisque
702 1153 1023 1204 opulentissimus
1057 1153 1250 1202 videatur,
1272 1153 1328 1190 ita
1361 1152 1438 1190 Ro-

120 1217 247 1254 manis
281 1217 431 1254 hostem
461 1217 567 1255 fore.’
644 1217 722 1255 His
755 1224 874 1269 atque
908 1217 998 1255 aliis
1037 1217 1185 1255 talibus
1225 1217 1353 1267 dictis,
1386 1217 1436 1255 ad

122 1279 274 1319 Cirtam
295 1281 480 1331 oppidum
511 1282 522 1299 ⁴
537 1281 612 1319 iter
633 1282 890 1330 constituunt,
911 1281 1015 1332 quod
1045 1281 1101 1319 ibi
1133 1281 1323 1319 Metellus
1343 1294 1437 1331 prae-

120 1344 210 1383 dam
241 1346 493 1397 captivosque
527 1351 567 1383 et
601 1346 883 1396 impedimenta
904 1346 1124 1383 locaverat:
1156 1346 1212 1382 ita
1233 1345 1437 1396 Jugurtha

119 1414 240 1459 ratus,
259 1415 339 1459 aut,
369 1410 508 1460 ‘capta
541 1410 648 1459 urbe,
679 1423 806 1460 operae
838 1410 1010 1460 pretium
1044 1410 1148 1459 fore3
1180 1415 1260 1459 aut,
1294 1410 1327 1447 si
1359 1410 1436 1448 Ro-

118 1486 259 1512 manus
290 1474 438 1512 auxilio
474 1475 555 1512 suis
574 1475 758 1524 venisset,
777 1475 915 1525 proelio
936 1488 1019 1512 sese
1041 1481 1269 1512 certaturos.
1328 1475 1432 1513 Nam

119 1537 314 1577 'callidus
341 1539 381 1576 id
411 1539 525 1577 modo
554 1540 780 1589 festinabat,
802 1539 949 1577 Bocchi
970 1552 1103 1589 pacem
1124 1539 1366 1589 imminuere,
1385 1552 1433 1577 ne

118 1615 248 1640 moras
267 1603 452 1652 agitando
474 1604 582 1640 aliud
602 1617 719 1654 quam
740 1603 888 1641 bellum
912 1603 1058 1640 mallet.

201 1665 424 1704 LXXXII.
476 1667 699 1716 Imperator
737 1673 943 1717 postquam
979 1667 1027 1704 de
1065 1680 1203 1716 regum
1246 1667 1434 1706 societate

118 1731 313 1781 cognovit⁷
342 1743 421 1768 11011
450 1735 611 1779 temere,
630 1744 767 1782 neque,
788 1731 861 1779 uti,
882 1744 982 1781 saepe
1010 1733 1091 1780 jam
1124 1731 1253 1769 ¹victo
1287 1732 1434 1782 Jugur-

119 1795 201 1845 tha,
235 1802 501 1843 consueverat,
536 1796 719 1834 omnibus
754 1796 849 1834 locis
883 1797 1084 1846 pugnandi
1120 1798 1269 1847 copiam
1310 1798 1430 1836 facit:

118 1867 294 1900 ceterum
314 1862 418 1899 haud
439 1862 574 1912 procul
595 1862 643 1900 ab
666 1861 789 1911 Cirta,
809 1864 950 1900 castris
970 1863 1145 1911 munitis,
1164 1877 1278 1913 reges
1298 1877 1432 1914 opper-

119 1926 221 1976 itur3
257 1926 398 1964 melius
418 1939 502 1964 esse
522 1932 642 1976 ratus,
663 1927 830 1978 cognitis
852 1927 1014 1975 Mauris,
1035 1929 1217 1979 quoniam
1250 1928 1283 1966 is
1310 1942 1432 1967 novus

119 1986 243 2028 hostis
271 1995 499 2040 accesserat,
532 2004 581 2028 ex
615 1992 814 2030 commodo
846 2006 1016 2042 pugnam
1050 1993 1189 2030 facere.
1263 1993 1429 2031 Interim

117 2055 246 2094 Roma
266 2069 335 2106 per
364 2056 520 2094 litteras
541 2057 684 2094 certior
712 2057 756 2094 fit
777 2058 1022 2107 provinciam
1050 2059 1278 2096 Numidiam
1304 2059 1430 2096 Mario

76 2158 79 2161 ,
117 2119 272 2170 datam3
303 2134 394 2158 nam
414 2121 611 2158 consulem
632 2121 778 2158 factum
806 2127 896 2159 ante
916 2128 1127 2173 acceperat.
1188 2122 1286 2168 Quis
1314 2123 1431 2160 rebus

116 2185 260 2236 ⁸supra
289 2185 432 2223 bonum
463 2191 581 2236 atque
612 2185 818 2223 honestum
851 2188 1065 2238 perculsus,
1086 2201 1210 2239 neque
1239 2187 1430 2237 lacrymas

116 2253 263 2297 tenere,
299 2247 426 2299 neque
464 2249 658 2286 moderari
696 2248 893 2299 linguam:
941 2252 1002 2290 vir
1040 2252 1220 2302 egregius
1259 2251 1299 2288 in
1339 2250 1430 2288 aliis

117 2313 269 2350 artibus
298 2313 416 2350 nimis
445 2313 618 2351 molliter
646 2314 917 2364 aegritudinem
947 2316 1039 2366 pati.
1099 2316 1223 2361 Quam
1256 2329 1337 2353 rem
1360 2315 1429 2354 alii

118 2377 158 2416 in
196 2379 416 2429 superbiam
471 2380 717 2427 ³vertebant,
758 2379 827 2418 alii
870 2376 1013 2419 bonum
1055 2381 1253 2430 ingenium
1297 2387 1428 2419 contu-

115 2443 234 2482 melia
261 2457 462 2484 accensum
493 2458 588 2496 esse,
622 2445 749 2497 multi,
777 2446 881 2499 quod
917 2449 999 2498 jam
1038 2451 1152 2498 parta
1185 2446 1351 2485 victoria
1379 2459 1428 2486 ex
