1572 2592
244 174 294 211 46
591 188 630 213 c.
679 188 859 214 ca1s1³1
905 188 1186 216 santus-ru

239 285 412 324 Manlius
443 286 663 338 Torquatus
691 288 834 327 ”bello
869 289 1018 328 Gallico
1051 289 1174 328 filium
1204 302 1328 340 suum,
1358 291 1461 342 quod
1485 292 1522 332 is

237 354 370 387 contra
389 351 591 400 imperium
619 352 658 389 in
677 352 826 389 hostem
847 358 1094 403 pugnaverat,
1114 354 1242 391 necari
1256 355 1385 404 jussit,
1404 360 1520 406 atque

234 413 302 451 ille
337 414 512 463 egregius
550 415 782 461 adolescens,
815 416 1079 454 immoderatae
1111 417 1364 467 fortitudinis,
1395 423 1518 456 morte

259 490 362 514 oenas
382 478 510 515 dedit:
551 491 618 516 vos
638 479 684 515 de
716 479 991 517 crudelissimis
1021 480 1227 530 parricidis
1253 480 1347 531 quid
1376 486 1519 519 statua·

161 581 167 588 ,
195 542 198 545 ’
236 539 295 588 ⁸,is,
316 541 575 578 cunctamini?
618 542 645 559 ²⁴
661 541 859 579 Videlicet
879 547 1006 580 cetera
1024 543 1105 580 vita
1124 556 1254 580 eorum
1273 543 1362 580 huic
1381 543 1516 583 sceleri

233 603 370 640 obstat.
430 603 576 640 Verum
597 605 741 653 parcite
763 604 946 656 dignitati
967 605 1138 654 Lentuli,
1157 606 1189 642 si
1208 606 1288 654 ipse
1308 606 1514 655 pudicitiae,

190 685 195 689 .
231 665 264 702 si
284 666 396 702 famae
415 679 503 715 suae,
524 667 555 703 si
576 667 635 703 dis
669 672 736 703 aut
765 667 984 704 hominibus
1013 681 1182 718 unquam
1200 668 1292 705 ullis
1321 669 1506 718 pepercit:

231 728 416 777 ignoscite
439 729 601 778 Cethegi
632 729 912 778 adolescentiae,
931 730 1007 766 nisi
1027 730 1167 767 iterum
1183 731 1262 779 jam
1282 731 1419 780 patriae
1437 731 1514 768 bel-

230 791 307 828 lum
330 793 430 829 fecit.
489 793 590 829 Nam
619 793 711 843 quid
746 805 815 842 ego
847 793 893 830 de
929 793 1104 843 Gabinio,
1139 793 1306 843 Statilio,
1341 793 1513 844 Coepario

229 853 390 905 loquar?
420 856 448 873 ²⁶
460 855 599 906 quibus
618 855 650 893 si
669 856 878 906 quidquam
898 869 1064 906 unquam
1083 856 1190 906 pensi
1208 856 1356 905 fuisset,
1374 869 1449 894 non
1469 869 1513 894 ea

229 918 387 955 consilia
407 918 453 954 de
473 931 514 955 re
534 918 688 968 publica
708 918 940 956 habuissent.

305 982 324 1001 “
339 981 550 1030 Postremo,
565 986 694 1030 patres
713 981 929 1030 conscripti,
944 980 976 1018 si
995 981 1212 1018 mehercule
1230 985 1386 1031 peccato
1405 981 1511 1020 loeus

227 1049 340 1091 esset,
358 1043 471 1080 facile
491 1048 643 1093 paterer
662 1056 728 1080 vos
748 1044 830 1093 ipsa
849 1057 890 1080 re
910 1043 1059 1092 corrigi,
1078 1043 1258 1094 quoniam
1291 1044 1408 1082 verba
1427 1057 1512 1082 con-

227 1105 426 1154 temnitis,
458 1105 525 1142 sed
558 1105 727 1155 undique
756 1105 1009 1142 circumventi
1029 1118 1168 1142 sumus.
1227 1104 1396 1144 Catilina
1423 1119 1508 1144 cum

226 1169 399 1205 exercitu
426 1168 602 1206 faucibus
630 1174 790 1218 urguet3
822 1169 890 1206 alii
918 1169 1020 1206 intra
1048 1169 1186 1206 moenia
1213 1174 1328 1220 atque
1354 1169 1394 1206 in
1421 1170 1508 1207 sinu

225 1231 332 1268 urbis
360 1236 452 1267 sunt
480 1231 634 1279 hostes3
666 1245 788 1281 neque
809 1232 1088 1281 parari,‘neque
1119 1223 1264 1268 consuli
1296 1232 1506 1282 quidquam

224 1293 372 1331 occulte
391 1299 537 1343 potest:
560 1307 634 1344 quo
654 1295 775 1344 magis
794 1295 1072 1344 properandum
1093 1299 1160 1331 est.
1213 1293 1340 1339 Quare
1361 1295 1416 1332 ita
1435 1308 1505 1346 ego

223 1369 378 1394 censeo:
422 1358 559 1407 ‘quum
600 1357 747 1394 nefario
776 1357 934 1394 consilio
963 1357 1235 1394 sceleratorum
1266 1357 1406 1394 civium
1445 1370 1506 1395 res

222 1411 375 1468 publica
403 1419 442 1455 in
471 1420 638 1456 maxima
665 1419 835 1469 pericula
864 1419 1022 1467 venerit,
1043 1419 1145 1470 iique
1175 1420 1316 1457 indicio
1347 1420 1389 1457 Τ.
1413 1419 1506 1458 Vol-

222 1481 337 1518 turcii
368 1487 406 1518 et
436 1482 650 1531 legatorum
683 1481 938 1531 Allobrogum
971 1482 1136 1519 convicti
1168 1482 1406 1532 confessique
1427 1482 1504 1519 sint

222 1545 375 1593 caedem,
396 1546 583 1594 incendia,
603 1545 754 1595 aliaque
785 1558 824 1582 se
855 1545 957 1582 foeda
989 1550 1103 1595 atque
1134 1545 1305 1582 crudelia
1332 1545 1503 1583 facinora

221 1606 259 1643 in
298 1606 399 1643 cives
435 1607 677 1657 patriamque
710 1607 914 1656 paravisse,
951 1607 978 1624 ²⁶
995 1606 1042 1643 de
1077 1606 1269 1656 confessis,
1302 1606 1417 1644 sicuti
1455 1607 1502 1644 de

220 1669 435 1706 manifestis
474 1682 600 1706 rerum
634 1669 870 1719 capitalium,
903 1681 1007 1706 more
1040 1670 1228 1718 majorum
1273 1668 1502 1718 supplicium

220 1732 469 1768 sumendum.²
483 1735 502 1751 ''

299 1796 414 1832 LIII.
448 1787 658 1846 Postquam
690 1795 785 1834 Cato
816 1796 971 1845 assedit,
990 1795 1208 1833 consulares
1237 1807 1366 1833 omnes
1394 1795 1501 1833 item-

218 1871 290 1908 que
311 1865 465 1894 senatus
485 1871 622 1907 magna
642 1871 728 1907 pars
757 1858 985 1896 sententiam
1015 1859 1098 1907 ejus
1127 1858 1296 1907 laudant,
1314 1858 1498 1895 virtutem

219 1920 335 1958 animi
355 1920 402 1957 ad
436 1921 572 1958 coelum
601 1922 742 1969 ferunt,
762 1921 829 1958 alii
859 1921 955 1958 alios
986 1921 1226 1970 increpantes
1255 1920 1410 1958 timidos
1439 1933 1499 1958 vo-

218 1989 329 2033 cant,
362 1983 458 2022 Cato
478 1984 604 2021 clarus
623 1990 739 2034 atque
758 1997 919 2033 magnus
939 1984 1126 2032 habetur;
1157 1982 1280 2021 senati
1300 1982 1497 2020 decretum

218 2049 270 2095 fit,
292 2048 428 2084 'sicuti
455 2047 520 2084 ille
540 2053 747 2085 censuerat.
805 2048 816 2065 ²
832 2047 908 2086 Sed
928 2047 1023 2085 mihi
1053 2046 1175 2084 multa
1193 2046 1348 2095 legenti,
1375 2046 1497 2084 multa

218 2110 401 2159 audienti,
433 2123 518 2160 quae
555 2110 719 2159 populus
757 2110 955 2147 Romanus
993 2109 1095 2147 domi
1130 2107 1368 2158 militiaeque,
1400 2107 1495 2144 mari

218 2179 332 2223 atque
353 2179 455 2210 terra
482 2173 664 2223 praeclara
691 2173 862 2210 facinora
890 2173 994 2221 fecit,
1014 2172 1112 2210 forte
1140 2170 1259 2208 libuit
1286 2170 1496 2220 attendere,

184 2262 186 2264 -
217 2249 302 2286 quae
346 2248 407 2273 res
452 2235 616 2272 maxime
655 2240 764 2272 tanta
800 2236 955 2284 negotia
992 2233 1244 2272 sustinuisset.
1320 2232 1495 2271 Sciebam

218 2310 474 2348 saepenumero
502 2311 617 2348 parva
648 2287 763 2334 manu
793 2311 877 2335 cum
911 2297 1060 2347 magni!
1089 2295 1303 2345 legionibus
1329 2294 1497 2332 hostium

219 2361 509 2411 ³contendisse;
550 2373 800 2412 cognoveram
831 2361 958 2411 parvis
989 2359 1108 2410 copiis
1138 2358 1242 2397 bella
1270 2364 1382 2408 gesta
1410 2371 1496 2396 cum
