1630 2612
1350 98 1363 110 N

255 201 309 237 28
605 212 648 236 o.
697 211 877 238 onrsm
922 211 1203 238 SALLUSTH

254 312 293 350 in
321 325 454 362 agrum
484 312 693 360 Picenum;
732 312 867 362 hisque
894 313 1133 362 permissum,
1158 313 1240 350 ‘uti
1267 325 1336 363 pro
1355 317 1533 365 ‘temptum

253 380 368 425 atque
393 375 562 424 periculo
591 375 801 412 exercitum
830 377 1115 424 compararent.’
1171 375 1235 412 Ad
1263 375 1419 424 hoo,‘si
1446 377 1535 428 quis
1587 406 1606 425 u

253 436 498 473 indicavisset
517 437 563 473 de
585 437 856 485 conjuratione,
875 450 960 486 quae
980 441 1111 473 contra
1130 449 1211 473 rem
1223 436 1415 486 publicam
1429 438 1532 476 faeta

252 503 345 547 erat,
383 500 394 516 ⁶
407 499 603 548 praemium
650 511 758 535 servo
795 499 1015 536 libertatem
1065 503 1104 535 et
1142 498 1320 535 sestertia
1368 505 1531 549 eentum,

251 559 372 598 libero
392 561 659 610 impunitatem
681 563 763 609 ejus
783 561 837 598 rei
859 567 898 598 et
926 561 1103 598 sestertia
1132 561 1297 598 ducenta
1313 563 1334 610 3⁷
1363 562 1530 612 itemque

251 622 462 670 decrevere,
493 623 574 658 ‘uti
604 623 844 670 gladiatoriae
873 623 1031 659 familiae
1063 622 1231 671 Capuam
1263 627 1302 660 et
1335 623 1374 660 in
1402 629 1528 660 cetera

249 685 456 733 municipia
490 685 822 733 distribuerentur,
854 686 865 702 ⁶
878 698 945 734 pro
979 686 1162 735 cujusque
1195 685 1329 734 opibus
1349 698 1356 734 ;
1396 685 1530 725 Romae

216 758 221 766 ⁹
248 759 316 796 per
335 751 454 783 totam
475 747 605 783 urbem
626 747 771 795 vigiliae
797 747 1040 796 haberentur,
1059 748 1181 797 iisque
1201 748 1366 785 minores
1393 748 1529 797 magis·

248 813 374 846 tratus
394 812 620 858 praeessent.’

284 879 286 881 ’
326 871 483 908 XXXI.
517 873 525 889 ¹
542 871 690 916 Quibus
710 872 823 909 rebus
842 877 1014 921 permota
1033 873 1179 922 civitas,
1194 877 1307 923 atque
1328 873 1529 910 immutata

246 933 353 971 urbis
383 934 499 971 facies
530 940 638 983 erat,
680 947 727 971 ex
759 948 907 971 summa
936 934 1073 972 laetitia
1103 940 1216 985 atque
1249 934 1416 984 lascivia,
1443 948 1528 986 quae

247 995 428 1032 diuturna
441 997 549 1046 quies
564 1002 774 1045 pepererat,
789 1002 941 1046 repente
961 1010 1090 1034 omnes
1102 997 1263 1034 tristitia
1275 997 1414 1035 invasit
1430 1010 1437 1046 3
1458 998 1527 1035 fes-

246 1057 381 1106 tinare,
414 1059 626 1107 trepidare,
670 1072 792 1108 neque
829 1059 911 1096 loco
947 1071 1016 1096 nec
1053 1059 1198 1096 homini
1229 1059 1406 1109 cuiquam
1433 1059 1528 1097 satis

246 1120 421 1168 credere3
456 1133 579 1170 neque
609 1121 753 1158 bellum
783 1133 926 1170 gerere,
945 1133 1067 1171 neque
1100 1133 1232 1170 pacem
1261 1121 1424 1170 habere;
1459 1134 1526 1159 suo

244 1182 405 1231 quisque
426 1187 531 1219 metu
562 1182 730 1231 pericula
760 1183 899 1219 metiri,
957 1183 1022 1219 Ad
1052 1183 1122 1220 hoo
1151 1183 1342 1231 mulieres,
1362 1183 1526 1233 'quibus

243 1244 299 1281 rei
333 1244 498 1293 publicae
529 1245 793 1294 magnitudine
827 1245 920 1282 belli
951 1245 1065 1282 timor
1095 1245 1272 1282 insolitus
1302 1244 1522 1294 incesserat,

243 1306 424 1343 afflictare
446 1319 539 1354 sese,
559 1319 694 1343 manus
714 1307 902 1355 supplices
922 1307 969 1343 ad
998 1306 1132 1343 coelum
1163 1306 1329 1353 tendere,
1349 1307 1524 1345 miserari

241 1381 376 1418 parvos
396 1369 549 1418 liberos,
569 1369 746 1418 rogitare,
766 1369 892 1406 omnia
917 1381 1065 1417 pavere,
1085 1368 1262 1418 superbia
1290 1373 1404 1419 atque
1432 1369 1524 1406 deli-

241 1431 311 1467 ciis
330 1431 490 1480 omissis,
511 1431 584 1468 sibi
605 1431 818 1481 patriaeque
839 1431 1016 1468 diffidere.
1074 1433 1130 1468 At
1151 1430 1329 1468 Catilinae
1357 1431 1521 1468 erudelis

241 1493 393 1530 animus
414 1494 425 1511 ³
439 1494 571 1530 eadem
593 1494 660 1530 illa
680 1494 868 1542 movebat,
888 1494 1043 1530 tametsi
1070 1493 1249 1542 praesidia
1275 1494 1521 1543 parabantur,

241 1561 280 1592 et
299 1556 380 1605 ipse
409 1557 492 1605 lege
515 1556 671 1609 Plautia
700 1556 959 1605 interrogatus
988 1561 1070 1592 erat
1099 1555 1146 1592 ab
1176 1555 1217 1592 L¹
1242 1555 1374 1593 Paulo.
1431 1555 1521 1593 Pos-
1548 1586 1559 1594 .

241 1617 361 1655 tremo
380 1618 392 1635 ⁴
406 1618 676 1655 dissimulandi
696 1613 808 1655 eausa
827 1623 894 1655 aut
914 1618 973 1655 sui
993 1617 1239 1667 expurgandi,
1258 1617 1372 1655 sicuti
1388 1617 1519 1668 jurgio

239 1679 440 1718 lacessitus
459 1681 570 1729 foret,
590 1681 629 1717 in
649 1686 822 1718 senatum
843 1681 957 1718 venit.
1017 1680 1116 1717 Tum
1136 1679 1188 1716 M.
1209 1679 1361 1717 Tullius
1377 1680 1519 1730 consul,

239 1743 318 1780 sive
337 1743 579 1792 praesentiam
601 1745 683 1791 ejus
702 1744 853 1791 timens,
873 1743 951 1780 sive
981 1742 1038 1779 ira
1068 1746 1290 1790 commotus,
1308 1741 1518 1781 orationem

237 1804 374 1842 habuit
393 1805 628 1841 luculentam
649 1809 763 1854 atque
794 1805 929 1841 utilem
960 1804 1016 1841 rei
1045 1804 1220 1853 publicae,
1240 1817 1352 1854 quam
1381 1809 1514 1854 postea

237 1862 418 1916 scriptam
452 1866 584 1903 edidit.
642 1866 729 1914 Sed,
757 1866 823 1904 ubi
859 1866 925 1902 ille
962 1866 1116 1915 assedit,
1147 1865 1326 1915 Catilina,
1351 1871 1396 1903 ut
1432 1871 1516 1904 erat

235 1934 392 1979 paratus
412 1929 460 1965 ad
481 1929 756 1965 dissimulanda
775 1928 911 1977 omnia,
931 1929 1094 1965 demisso
1109 1928 1231 1979 vultu,
1250 1941 1340 1967 voco
1354 1928 1515 1978 supplici

236 1991 441 2042 postulare,
461 1992 473 2008 ⁵
488 1993 637 2039 ‘patres
657 1991 862 2040 conscripti
881 2003 928 2028 ne
957 1990 1050 2041 quid
1081 1991 1127 2028 de
1157 2003 1197 2028 se
1228 1995 1370 2046 temere
1390 1991 1514 2028 crede-

236 2059 323 2093 rent
338 2067 345 2091 :
367 2067 411 2091 ea
425 2053 572 2090 familia
591 2059 728 2102 ortum,
741 2053 797 2090 ita
817 2053 864 2090 ab
880 2053 1138 2090 adolescentia
1152 2038 1512 2098 vitam‘ffnstitiiisse,

236 2122 280 2154 ut
299 2116 426 2154 omnia
445 2116 543 2154 bona
562 2116 600 2152 in
621 2129 684 2165 spe
711 2116 890 2154 haberet:
919 2128 966 2153 ne
1000 2110 1276 2163 existimarent,
1295 2114 1380 2162 sibi,
1398 2116 1513 2165 patri-

235 2179 294 2216 cio
309 2178 465 2228 homini,
484 2179 591 2227 cujus
611 2178 730 2227 ipsius
749 2184 863 2228 atque
884 2180 1070 2227 majorum
1088 2177 1252 2228 plurimu·
1270 2172 1453 2216 beneficia
1472 2179 1510 2215 in

236 2242 384 2291 plebem
406 2242 618 2279 Romanam
635 2247 770 2290 essent,
782 2242 933 2291 perdita
952 2255 992 2279 re
1005 2241 1157 2291 publiea
1175 2253 1270 2290 opus
1285 2254 1377 2290 esse,
1392 2255 1508 2292 quum

178 2335 183 2338 .
235 2317 318 2342 eam
349 2310 516 2342 servaret
546 2305 598 2342 M.
632 2304 794 2356 Tullius,
824 2304 1058 2354 ⁶inquilinus
1090 2303 1182 2340 civis
1214 2303 1320 2341 urbis
1353 2303 1509 2342 Romae.²

237 2366 299 2404 Ad
320 2367 399 2404 haec
427 2367 634 2404 maledicta
653 2366 737 2423 *alia
765 2368 906 2416 ⁷quum
935 2367 1103 2415 adderet,
1123 2366 1341 2414 obstrepere
1369 2377 1510 2416 omnes,
