1566 2586
179 141 250 178 100
524 155 567 180 c.
616 155 797 181 CRISPI
843 156 1124 183 SALLUSTH

166 256 316 304 jussum
345 260 438 305 erat,
458 255 637 305 adducti3
673 258 796 307 pauci,
816 271 933 308 quum
961 259 1127 308 primum
1155 259 1303 298 deditio
1331 262 1456 313 eoepit,

167 317 215 355 ad
237 331 364 367 regem
386 319 578 356 Bocchum
609 320 647 356 iu
677 320 959 358 Mauretaniam
988 322 1170 360 abierant.
1229 323 1356 374 Igitur
1385 325 1454 363 Ju-

165 381 318 431 gurtha,
338 382 403 419 ubi
425 383 541 420 armis
561 383 728 433 virisque
754 389 793 420 et
813 385 974 433 pecunia
1005 385 1191 434 spoliatus
1220 392 1292 436 est,
1311 389 1323 406 ⁰
1336 402 1452 439 quum

165 444 245 494 ipse
267 445 314 482 ad
335 445 598 494 imperandum
621 446 811 483 Tisidium
841 453 1052 497 vocaretur,
1071 461 1203 486 rursus
1230 450 1345 500 eoepit
1372 451 1454 488 fiee-

165 513 246 544 tere
267 508 435 545 animuin
456 514 636 556 suu111,et
665 523 711 546 ex
740 510 840 546 mala
869 511 1102 548 conscientia
1131 512 1272 562 ⁷digna
1300 514 1448 551 timere.

165 571 339 622 Denique
360 572 493 608 multis
515 572 649 610 diebus
669 586 735 622 per
759 573 1039 611 dubitationem
1069 576 1314 626 consumptis,
1333 590 1451 627 quum

164 635 300 672 ”modo
321 635 435 672 taedio
455 648 582 672 rerum
604 635 850 673 adversarum
877 638 1003 674 omnia
1034 637 1135 675 bello
1163 639 1313 688 potiora
1341 639 1451 677 duce-

161 705 231 746 ret,
252 699 443 735 interdum
467 711 593 736 seeum
616 699 693 748 ipse
722 706 928 749 reputaret,
949 703 1088 751 ssquam
1116 702 1244 751 gravis
1272 715 1380 740 casus
1410 702 1450 740 in

161 762 361 799 servitium
394 775 441 798 ex
472 774 588 811 regno
619 763 730 810 foret,
751 763 884 800 multis
916 764 1139 814 magnisque
1170 765 1361 814 praesidiis
1388 778 1451 804 ne·

160 824 369 874 quidquam
403 824 577 873 perditis,
598 825 643 861 de
678 825 826 874 integro
858 825 1002 862 bellum
1034 826 1161 863 sumit.
1231 826 1284 864 Et
1313 827 1448 865 Romae

159 893 314 925 senatus
348 888 394 925 de
427 889 633 938 provinciis
666 889 863 927 consultus
899 891 923 907 ¹⁰
938 890 1162 927 Numidiam
1197 890 1358 928 Metello
1387 891 1448 928 de-

159 957 338 988 creverat.

238 1015 397 1052 LXIII.
431 1015 507 1052 Per
536 1015 637 1052 idem
668 1021 819 1065 tempus
850 1016 976 1054 Uticae
1005 1017 1103 1053 forte
1135 1018 1144 1034 ¹
1162 1015 1202 1055 O.
1226 1017 1351 1055 Mario
1379 1031 1447 1068 per

157 1077 303 1115 hostias
333 1079 393 1115 dis
423 1079 655 1128 supplicanti
686 1081 850 1128 ‘magna
880 1085 994 1130 atque
1025 1079 1218 1118 mirabilia
1245 1081 1444 1130 portendi'

156 1141 348 1191 haruspex
369 1142 540 1179 dixerat:
571 1143 761 1192 ‘pi-oinde,
781 1156 866 1193 quae
885 1143 1010 1179 animo
1031 1143 1215 1192 agitabat,
1234 1144 1356 1181 fretus
1385 1144 1444 1182 dis

156 1210 288 1254 ageret
305 1218 312 1254 3
343 1205 536 1242 fortunam
556 1219 670 1255 quam
692 1205 899 1254 saepissime
920 1205 1170 1254 experiretur,
1186 1211 1324 1243 cuneta
1341 1219 1443 1256 pros-

155 1281 242 1317 pere
277 1270 482 1304 eventura.¹
553 1268 610 1304 At
643 1268 753 1304 illum
788 1269 868 1317 jam
903 1274 1015 1304 antea
1053 1268 1272 1306 consulatus
1308 1269 1442 1319 ingens

155 1329 291 1378 cupido
312 1329 546 1378 exagitabat,
567 1329 613 1365 ad
634 1342 747 1378 quem
768 1329 997 1378 capiundum
1018 1331 1030 1347 ²
1043 1336 1181 1380 praeter
1207 1335 1441 1369 vetustatem

154 1392 312 1430 familiae
332 1392 408 1428 alia
427 1393 554 1428 omnia
573 1392 723 1428 abunde
741 1396 862 1441 erant,
878 1392 1077 1442 industria,
1092 1393 1274 1442 probitas,
1289 1394 1441 1431 militiae

153 1469 291 1505 magna
311 1455 484 1503 seientia,
500 1455 649 1492 animus
669 1455 762 1492 belli
783 1455 928 1505 ingens,
945 1456 1047 1493 domi
1068 1456 1249 1505 modicus,
1265 1456 1440 1493 libidinis

153 1525 192 1556 et
221 1519 444 1555 divitiarum
475 1519 608 1563 victor,
642 1519 907 1556 tantummodo
937 1519 1070 1568 gloriae
1100 1519 1242 1556 avidus.
1301 1519 1378 1557 Sed
1407 1519 1439 1556 is

151 1588 265 1620 natus
285 1587 324 1619 et
344 1583 355 1600 ³
370 1595 520 1619 omnem
541 1582 744 1632 pueritiam
768 1582 907 1631 Arpini
928 1581 1039 1630 altus,
1059 1581 1125 1619 ubi
1151 1582 1317 1631 primum
1345 1587 1438 1619 aetas

150 1647 303 1684 militiae
323 1647 474 1696 patiens
494 1647 580 1694 fuit,
601 1646 804 1695 stipendiis
825 1646 1026 1694 faciundis,
1045 1659 1120 1683 non
1149 1645 1284 1685 Graeca
1311 1646 1438 1683 facun-

151 1710 215 1747 dia
234 1723 356 1760 neque
377 1710 534 1747 urbanis
559 1709 761 1746 munditiis
790 1722 871 1746 sese
901 1709 1092 1746 exercuit:
1123 1709 1179 1745 ita
1207 1708 1307 1746 inter
1335 1713 1438 1746 artes

150 1773 268 1811 bonas
289 1774 480 1822 integrum
502 1773 698 1822 ingenium
720 1772 826 1810 brevi
846 1772 1024 1809 adolevit.
1067 1772 1170 1822 Ergo
1189 1772 1256 1810 ubi
1271 1772 1436 1822 primum

149 1836 389 1874 tribunatum
410 1835 619 1872 militarem
640 1848 661 1872 a
680 1835 819 1884 populo
839 1835 950 1884 petit,
968 1835 1160 1885 plerisque
1188 1834 1324 1872 faciem
1354 1836 1437 1884 ejus

149 1900 426 1950 ignorantibus,
460 1900 598 1937 ⁴facile
635 1906 748 1937 notus
786 1913 851 1949 per
885 1913 1015 1936 omnes
1048 1899 1172 1937 tribus
1205 1898 1432 1936 declaratur.

149 1964 298 2002 Deinde
332 1964 380 2000 ab
415 1976 458 2000 eo
489 1964 719 2013 magistratu
749 1963 866 2000 alium
901 1968 987 2013 post
1019 1963 1136 2000 alium
1171 1962 1244 1999 sibi
1274 1961 1433 2012 peperit,

149 2039 372 2078 semperque
394 2027 405 2044 ⁶
418 2027 456 2062 in
477 2027 736 2076 potestatibus
756 2039 800 2063 eo
820 2026 932 2063 modo
961 2026 1143 2075 agitabat,
1162 2029 1206 2062 ut
1249 2023 1432 2074 ampliore

148 2104 260 2141 quam
277 2090 446 2140 gerebat,
460 2090 598 2138 dignus
619 2089 833 2126 haberetur.
893 2089 1036 2126 Tamen
1058 2088 1089 2125 is
1109 2088 1122 2106 ⁶
1135 2087 1182 2124 ad
1203 2087 1241 2124 id
1261 2086 1430 2124 locorum

149 2154 237 2190 talis
258 2153 316 2190 vir
336 2153 438 2201 (nam
468 2158 599 2202 postea
628 2153 836 2190 ambitione
867 2163 1032 2202 praeceps
1063 2151 1176 2187 datus
1206 2151 1280 2200 est)
1301 2162 1431 2187 consu-

150 2215 267 2253 latum
289 2222 466 2266 appetere
486 2229 559 2252 non
582 2216 748 2252 audebat
766 2229 771 2252 :
795 2216 910 2252 etiam
931 2219 1012 2251 tum
1033 2215 1045 2232 ⁷
1061 2213 1157 2251 alios
1177 2213 1428 2262 magistratus

149 2279 288 2329 plebes,
307 2279 547 2317 consulatum
576 2278 760 2316 nobilitas
789 2279 888 2316 inter
908 2290 946 2315 se
977 2290 1044 2327 per
1073 2290 1208 2314 manus
1238 2276 1425 2315 tradebat*
