1526 2566
10 201 33 262 ,μμ
14 111 30 175 ι
17 82 22 90 -

602 217 886 244 caunum.
1357 205 1405 241 47

84 314 286 367 ¹opulentis
303 312 488 364 regibus;
522 311 572 350 ad
590 311 663 350 hoo
683 322 784 360 saepe
812 309 980 348 fortunae
1007 307 1238 356 violentiam
1267 308 1406 346 tolera-
1436 315 1451 334 ²

12 389 23 401 ·
88 379 216 431 visse3
247 377 431 430 facundia
460 376 628 425 Graecos,
647 374 773 430 gloria
803 373 899 412 belli
931 372 1067 412 Gallos
1096 378 1186 410 ante
1206 372 1406 410 Romanos

89 437 220 483 fuisse.
279 443 340 480 Ao
359 441 458 479 mihi
476 440 603 478 multa
619 439 787 490 agitanti
803 437 1018 486 constabat,
1034 450 1244 487 paucorum
1261 437 1406 475 civium

91 507 286 558 egregiam
323 506 515 544 virtutem
547 510 687 543 cuncta
715 504 957 555 patravisse,
1002 515 1123 554 eoque
1154 503 1315 551 factum,
1345 501 1406 539 uti

91 571 251 610 divitias
278 575 499 621 paupertas,
520 569 818 607 multitudinem
848 570 1026 620 paucitas
1056 572 1266 618 superaret.
1327 566 1407 617 Sed

90 624 298 687 postquam
330 635 428 672 luxu
458 639 576 686 atque
607 634 758 672 desidia
789 635 929 672 civitas
960 639 1142 684 corrupta
1173 638 1258 682 est„
1271 645 1407 670 rursus

91 713 154 738 res
173 699 331 750 publica
349 699 621 750 magnitudine
648 712 717 737 sua
746 699 1026 749 imperatorum
1056 704 1174 748 atque
1203 696 1407 747 magistra·
1443 712 1470 733 ς,

92 769 205 803 tuum
233 764 331 803 vitia
355 763 614 811 sustentabat,
634 776 690 813 ac,
710 764 722 780 ⁴
737 763 854 800 sicuti
884 759 1001 800 'effeta
1030 766 1250 812 parentum,
1270 759 1407 798 multis

92 828 395 880 tempestatibus
414 826 518 866 haud
539 840 630 865 sane
659 827 866 878 quisquam
899 827 1037 864 Romae
1064 826 1212 863 virtute
1241 836 1407 874 magnus

94 894 181 934 fuit.
238 894 318 934 Sed
346 893 532 932 memoria
560 906 658 945 mea,
678 893 830 942 ingenti
859 892 1019 940 virtute,
1039 890 1204 929 diversis
1232 889 1407 927 moribus

94 959 203 998 fuere
221 959 299 999 viri
318 959 405 1008 duo,
426 958 478 996 M.
497 957 595 997 Cato
617 963 656 996 et
673 957 713 996 O.
734 957 865 996 Caesar
882 971 888 994 :
910 969 1008 1008 quos
1020 956 1204 1008 quoniam
1219 968 1282 994 res
1297 954 1407 993 obtu-

95 1024 208 1073 lerat,
223 1024 378 1062 silentio
395 1024 597 1074 praeterire
617 1036 693 1061 non
713 1023 792 1060 fuit
812 1023 1030 1072 consilium,
1052 1023 1063 1039 ⁶
1077 1022 1172 1073 quin
1198 1021 1406 1072 utriusque

96 1094 276 1127 naturam
297 1093 338 1126 et
356 1101 494 1137 mores,
513 1093 703 1138 quantum
724 1088 880 1138 ingenio
900 1101 1063 1138 possem,
1083 1086 1284 1137 aperirem.

177 1152 290 1192 LIV.
322 1153 453 1203 Igitur
472 1153 533 1190 his
555 1155 564 1170 ¹
579 1166 711 1202 genus,
732 1158 839 1201 aetas,
860 1152 1083 1204 eloquentia
1102 1151 1220 1202 prope
1240 1150 1409 1202 aequalia

95 1217 204 1254 fuere
222 1229 229 1266 ;
270 1216 501 1266 magnitudo
533 1216 653 1253 animi
685 1230 766 1266 par,
798 1216 894 1253 item
924 1216 1062 1266 gloria,
1094 1215 1163 1253 sed
1205 1215 1283 1252 alia
1325 1213 1404 1252 alii.

97 1279 244 1330 Gaesar-
265 1279 463 1329 beneficiis
501 1285 619 1330 atque
657 1280 922 1317 munificentia
960 1293 1124 1330 magnus
1162 1279 1405 1329 habebatur3

94 1343 323 1395 integritate
343 1344 436 1381 vitae
458 1342 566 1382 Cato.
626 1343 702 1393 Ille
732 1344 1033 1381 mansuetudine
1065 1349 1106 1381 et
1137 1343 1408 1382 misericordia

93 1409 223 1463 clarus
242 1409 371 1447 factus
388 1422 395 1458 ;
426 1409 517 1446 huic
538 1409 726 1455 severitas
747 1409 983 1458 dignitatern
1004 1409 1221 1446 addiderat.
1276 1407 1408 1447 Gaesar

53 1482 58 1483 ⁷
94 1465 233 1525 dando,
252 1474 504 1523 sublevando,
533 1474 794 1524 ignoscendo;
833 1473 932 1512 Cato
959 1474 1062 1511 nihil
1091 1473 1298 1524 largiundo
1327 1473 1408 1524 glo-

93 1540 192 1578 riam
213 1539 377 1590 adeptus
397 1543 466 1576 est.
524 1539 600 1576 ²In
630 1537 754 1576 altero
783 1538 936 1576 miseris
964 1538 1190 1588 perfugium
1220 1542 1329 1587 erat,
1365 1537 1408 1575 in

23 1634 26 1635 γ
93 1603 220 1643 altero
256 1603 372 1642 malis
407 1603 624 1653 pernicies:
668 1602 777 1640 illius
813 1603 998 1652 facilitas,
1031 1602 1150 1652 hujus
1188 1602 1409 1640 constantia

93 1667 340 1707 laudabatur.
399 1666 606 1704 Postremo
629 1665 760 1711 Caesar
789 1666 831 1702 in
861 1666 1034 1703 animum
1061 1666 1274 1703 induxerat
1304 1666 1409 1704 labo-

94 1746 192 1783 rare,
211 1732 376 1783 vigilare
396 1745 403 1781 ;
435 1731 604 1781 negotiis
624 1731 836 1768 amicorum
856 1731 1043 1781 intentus,
1065 1744 1135 1769 sua
1155 1732 1167 1750 ³
1179 1731 1379 1782 negligere
1397 1745 1405 1782 ς

91 1799 195 1839 nihil
213 1799 417 1849 denegare,
436 1797 540 1849 quod
561 1797 660 1835 dono
683 1797 846 1847 dignum
865 1802 968 1835 esset
985 1811 992 1847 3
1006 1797 1105 1900 {i
1125 1811 1310 1848 magnum
1339 1798 1408 1836 im-

93 1863 257 1915 perium,
290 1862 516 1911 exercitum,
551 1861 698 1900 bellum
736 1875 878 1900 novum
917 1866 1035 1913 exopt
1089 1867 1142 1912 at,
1174 1862 1243 1901 ubi
1279 1862 1408 1901 virtus

94 1928 310 1967 enitescere
338 1931 478 1978 posset.
536 1927 595 1964 At
624 1925 765 1966 Catoni
795 1927 970 1965 studium
999 1927 1215 1977 modestiae,
1244 1927 1407 1978 decoris,

71 1993 164 2044 ,sed
196 1992 366 2030 maxime
401 1991 649 2030 *severitatis
683 1997 777 2029 erat.
847 1991 938 2029 Non
969 1991 1120 2030 divitiis
1151 2004 1240 2029 cum
1271 1991 1407 2042 divite,

93 2070 219 2110 neque
240 2056 435 2094 ¹'factione
455 2068 543 2093 cum
564 2056 739 2106 factioso,
761 2056 828 2094 sed
849 2069 936 2094 cum
958 2062 1117 2094 strenuo
1137 2056 1297 2106 virtute,
1318 2069 1407 2094 cum

93 2121 270 2161 modesto
289 2121 449 2172 pudore,
470 2134 558 2158 cum
587 2121 791 2158 innocente
820 2121 1059 2160 abstinentia
1086 2121 1289 2171 certabat3
1322 2134 1406 2159 esse

93 2199 210 2238 quam
227 2186 355 2225 videri
374 2185 499 2224 bonus
528 2185 724 2223 malebat:
759 2185 826 2236 ita,
845 2199 923 2238 quo
951 2186 1080 2224 minus
1107 2186 1273 2237 gloriam
1302 2190 1407 2236 pete-

93 2250 174 2302 bat,
192 2263 237 2289 eo
256 2251 381 2301 magis
401 2250 515 2288 illum
536 2250 782 2301 sequebatur.

174 2313 270 2372 LV&
290 2314 519 2366 Postquam,
538 2320 584 2352 ut
605 2314 699 2363 dixi,
720 2320 877 2353 senatus
899 2317 908 2334 ¹
923 2316 964 2353 in
986 2315 1148 2355 Catonis
1169 2314 1406 2354 sententiam

95 2372 284 2430 amauit,
302 2379 438 2418 consul
458 2379 650 2431 optimum
670 2379 778 2418 factu
797 2385 906 2419 ratus
928 2386 1202 2434 nocteanuae
1230 2381 1406 2420 instabat

96 2446 335 2520 amovere,
361 2457 410 2483 ne
438 2443 536 2495 quid
567 2457 613 2482 eo
644 2444 770 2495 spatio
799 2450 1021 2495 novaretur,
1051 2445 1289 2496 triumviros,
1317 2459 1406 2499 quae
