1566 2586
177 185 250 220 124
530 196 573 221 c.
622 196 802 221 cnlsm
847 197 1128 223 SALLusrn

174 296 346 344 callidus,
366 301 404 334 et
434 297 605 334 amicitia
636 298 780 334 facilis:
811 298 859 334 ad
880 298 1094 335 simulanda
1112 299 1266 348 negotia
1286 293 1452 338 altitudo

173 359 316 408 ingenii
348 359 604 396 incredibilis:
636 360 845 397 multarum
878 373 1004 397 rerum
1036 374 1079 398 ae
1099 362 1264 398 maxime
1283 362 1454 411 pecuniae

172 423 341 472 largitor.
399 424 530 474 Atque
552 425 609 460 illi
630 425 852 462 felicissimo
873 426 1040 462 omnium
1061 431 1149 463 ante
1169 426 1319 464 civilem
1338 427 1453 465 vieto-

172 486 279 531 riam,
313 499 507 536 nunquam
539 487 925 536 ⁶superindust1·iam
955 489 1108 525 fortuna
1133 489 1232 538 fuit3
1263 489 1452 540 multique

173 548 409 593 dubitavere,
429 550 565 586 fortior
586 563 633 586 an
666 550 814 587 felicior
835 556 957 587 esset:
987 564 1086 600 nam,
1105 557 1238 600 postea
1256 564 1341 602 quae
1358 552 1453 588 feee-

171 612 234 660 rit,
255 612 443 649 incertum
465 612 598 660 habeo,
617 613 760 668 pudeat
780 613 912 662 magis,
932 627 979 650 an
998 614 1128 662 pigeat
1154 614 1348 651 disserere.

250 675 401 713 XCVI.
435 676 564 724 Igitur
586 675 706 725 Sulla,
726 682 769 712 ut
803 690 916 726 supra
937 677 1082 714 dietum
1103 682 1172 726 est,
1190 682 1392 727 postquam
1412 677 1452 714 in

172 738 346 775 Africam
381 744 495 788 atque
530 739 568 775 in
602 744 727 776 eastra
759 739 875 776 Marii
896 752 981 776 eum
1009 740 1183 790 equitatu
1212 740 1328 788 venit,
1347 739 1455 777 rudis

171 806 284 837 antea
316 806 354 837 et
388 801 543 850 ignarus
574 802 678 850 belli,
712 802 987 839 solertissimus
1019 803 1189 839 omnium
1230 803 1296 839 ¹in
1323 802 1455 852 paucis

173 865 469 912 tempestatibus
499 865 623 901 faetus
657 870 723 901 est.
782 865 846 901 Ad
878 865 948 901 hoc
976 865 1120 902 milites
1148 865 1311 914 benigne
1331 864 1455 914 appel-

170 925 274 974 lare3
306 926 439 963 multis
473 927 708 976 rogantibus,
729 927 815 964 aliis
843 928 938 976 ⁹per
967 941 1006 964 se
1038 927 1118 977 ipse
1144 927 1234 964 dare
1263 927 1455 976 beneficia,

172 988 318 1025 invitus
347 990 527 1038 accipere,
556 990 622 1026 sed
653 1003 696 1026 ea
728 990 1003 1039 properantius,
1031 1003 1144 1040 quam
1185 1003 1236 1027 aes
1266 995 1455 1038 mutuum,

172 1051 344 1099 reddere,
365 1051 444 1100 ipse
465 1051 511 1089 ab
543 1052 649 1089 nullo
679 1058 863 1101 repetere,
883 1053 894 1069 ³
908 1052 1030 1101 magis
1059 1052 1099 1088 id
1130 1052 1315 1100 laborare,
1335 1057 1379 1088 ut
1398 1051 1456 1088 illi

171 1126 283 1163 quam
316 1113 474 1162 plurimi
496 1114 704 1163 deberent3
733 1115 820 1163 joca
840 1119 955 1164 atque
987 1115 1086 1151 seria
1110 1127 1194 1151 cum
1229 1113 1456 1152 humillimis

172 1188 308 1224 agere,
351 1176 390 1212 in
424 1177 613 1225 operibus,
643 1177 680 1213 in
715 1178 864 1226 agmine
899 1183 1012 1227 atque
1046 1177 1094 1214 ad
1127 1177 1279 1227 vigilias
1311 1177 1456 1214 multus

172 1238 316 1285 adesse,
336 1251 459 1288 neque
494 1239 661 1287 interim,
696 1240 706 1256 ⁴
723 1240 823 1289 quod
846 1253 962 1289 prava
981 1240 1142 1277 ambitio
1162 1240 1270 1288 solet,
1290 1239 1456 1276 consulis

172 1306 239 1337 aut
259 1302 485 1351 cujusquam
506 1301 595 1338 boni
615 1302 755 1338 famam
778 1302 928 1350 laedere,
949 1302 1211 1338 tantummodo
1231 1315 1353 1351 neque
1373 1314 1455 1339 con-

173 1364 260 1401 silio
280 1377 402 1413 neque
423 1377 537 1400 manu
557 1364 721 1412 priorem
748 1364 865 1400 alium
895 1364 987 1413 pati,
1006 1364 1204 1415 plerosque
1224 1364 1453 1402 antevenire.

173 1424 269 1469 Quis
288 1425 401 1462 rebus
421 1430 460 1461 et
480 1425 627 1463 artibus
658 1425 765 1463 brevi
797 1426 923 1463 Mario
951 1426 1216 1476 militibusque
1236 1425 1455 1463 carissimus

172 1488 307 1525 factus,

252 1550 425 1587 XCVII.
459 1551 515 1587 At
536 1551 744 1599 Jugurtha,
763 1556 963 1601 postquam
991 1551 1170 1600 oppidum
1201 1550 1362 1601 Capsam
1390 1550 1456 1588 ali-

173 1626 289 1664 osque
309 1613 411 1650 locos
432 1614 598 1651 munitos
619 1619 658 1651 et
686 1615 760 1652 sibi
788 1614 916 1663 utiles,
937 1614 1051 1651 simul
1079 1619 1118 1651 et
1146 1627 1321 1663 magnam
1348 1627 1456 1664 pecu-

172 1677 275 1714 niam
296 1677 488 1725 amiserat,
501 1677 547 1714 ad
570 1677 763 1714 Bocchum
784 1678 939 1714 nuntios
959 1678 1092 1724 mittit,
1115 1678 1123 1694 ²
1138 1678 1272 1727 ‘quam
1292 1677 1456 1726 primum

173 1739 213 1776 in
249 1739 474 1776 Numidiam
509 1740 636 1788 copias
669 1740 901 1785 adduceret3
946 1739 1070 1789 proelii
1106 1739 1275 1777 faoiundi
1308 1745 1457 1789 tempus

175 1802 328 1839 adesse.'
383 1803 395 1819 ⁹
410 1801 532 1846 Quem
552 1802 618 1838 ubi
639 1803 809 1838 cunctari
829 1802 986 1851 aceepit,
1005 1807 1041 1839 et
1061 1802 1218 1839 dubium
1235 1801 1327 1840 belli
1342 1807 1457 1852 atque

173 1865 278 1914 pacis
298 1864 465 1901 rationes
484 1864 646 1910 trahere,
665 1877 807 1913 rursus,
820 1866 878 1901 uti
899 1870 1022 1914 antea,
1034 1866 1226 1914 proximos
1245 1866 1328 1914 ejus
1348 1865 1456 1903 donis

175 1929 393 1977 corrumpit,
414 1928 560 1978 ipsique
594 1929 730 1966 Mauro
759 1929 962 1978 pollicetur
983 1930 1179 1967 Numidiae
1207 1934 1353 1979 partem
1385 1934 1456 1966 ter-

176 1991 281 2039 tiam,
294 1991 326 2028 si
346 1996 412 2027 aut
433 1991 598 2028 Romani
619 1992 755 2029 Africa
776 1992 936 2042 expulsi,
950 1998 1027 2041 aut,
1040 1993 1199 2042 integris
1214 1992 1292 2029 suis
1306 1991 1455 2040 finibus,

175 2053 319 2092 bellum
341 2054 591 2102 compositum
612 2055 719 2092 foret.
762 2055 819 2092 Eo
838 2055 992 2104 praemio
1009 2055 1160 2091 illectus
1177 2053 1350 2090 Bocchus
1369 2065 1455 2090 cum

176 2130 314 2166 magna
334 2116 583 2154 multitudine
605 2118 633 2155 J
637 2119 842 2167 ugurtham
863 2119 1020 2156 aceedit.
1079 2118 1142 2155 Ita
1170 2117 1364 2154 amborum
1394 2129 1455 2154 ex-

178 2181 301 2217 ercitu
330 2181 543 2229 conjuncto,
576 2180 743 2218 Marium
772 2183 851 2230 jam
886 2181 925 2218 in
956 2180 1116 2218 hiberna
1143 2179 1455 2229 proficiscentem,

176 2244 242 2281 vix
274 2243 420 2280 decima
449 2250 556 2292 parte
577 2245 588 2261 ⁸
602 2244 663 2281 die
693 2246 851 2295 reliqua,
871 2245 1066 2291 invadunt,
1085 2244 1160 2280 rati
1189 2248 1352 2291 noctem,
1370 2255 1456 2294 quae

174 2307 254 2355 jam
285 2306 427 2354 aderat,
447 2310 486 2343 et
514 2307 627 2343 victis
654 2307 727 2344 sibi
758 2308 994 2344 munimento
1024 2307 1115 2352 fore,
1135 2310 1184 2354 et,
1204 2305 1236 2342 si
1265 2305 1455 2354 vicissent,

178 2369 284 2407 nullo
317 2369 602 2420 impedimento,
631 2370 722 2420 quia
751 2370 920 2408 locorum
958 2369 1120 2407 seientes
1153 2373 1285 2417 erant3
1325 2373 1456 2406 contra
