1630 2612
227 183 276 216 22
578 194 619 218 ο.
669 194 851 219 cR1sr1
897 195 1177 221 SALLUSTII

229 299 306 331 tate
327 296 408 343 ejus
430 295 610 332 Pisonem
631 309 852 347 aggressos3
882 311 1077 348 nunquam
1099 299 1295 348 Hispanos
1321 305 1508 350 praeterea

227 356 304 393 tale
325 357 471 394 facinus
491 358 637 407 fecisse,
658 359 754 395 sed
745 360 906 408 imperia
927 373 1026 398 saeva
1045 361 1168 397 multa
1187 367 1276 399 ante
1296 366 1503 429 pewessos.

227 419 308 456 Nos
329 433 410 456 eam
431 434 509 457 rem
533 422 598 458 ⁵in
631 423 757 459 medio
788 423 1057 473 relinquemus.
1116 424 1174 462 De
1208 402 1402 475 superiore
1424 439 1508 464 con-

221 483 414 531 juratione
435 485 530 520 satis
551 485 706 521 dictum.

302 546 391 582 XX.
437 547 617 596 Catilina,
647 549 714 586 ubi
759 562 833 597 eos,
853 562 954 599 quos
999 549 1138 599 ¹paulo
1169 556 1256 588 ante
1290 553 1507 599 memoravi,

223 610 445 647 convenisse
473 611 588 660 videt,
609 612 765 648 tametsi
796 625 882 649 cum
903 613 1064 662 singulis
1094 614 1217 651 multa
1237 627 1335 664 saepe
1364 621 1506 665 egerat,

222 677 351 709 tamen
372 674 409 710 in
430 687 511 710 rcm
533 675 611 711 fore
641 675 799 712 credens
819 676 1015 713 universos
1035 677 1226 726 appellare
1248 682 1286 714 et
1305 678 1507 730 cohortari,

222 735 262 772 in
297 736 468 773 abditam
501 743 648 786 partem
679 739 819 776 aedium
842 740 1006 788 secedit,
1038 745 1151 790 atque
1182 741 1236 778 ibi
1257 741 1433 779 omnibus
1452 755 1507 780 ar-

222 798 335 837 bitris
355 800 486 848 procul
507 802 654 849 amotis,
675 802 883 838 orationem
905 802 1169 850 hujuscemodi
1189 803 1335 841 habuit.

300 865 318 883 c:
335 865 386 900 Ni
419 865 542 901 virtus
575 866 742 916 fidesque
773 871 900 903 vestra
931 867 1128 915 ²spectata
1158 867 1253 904 mihi
1281 869 1417 917 forent,
1445 881 1506 906 ne·

220 928 429 979 quidquam
451 935 662 979 opportuna
681 943 741 967 res
761 931 962 968 cecidisset
980 944 986 979 3
1019 944 1104 980 spes
1124 945 1273 981 magna,
1294 923 1505 970 dominatio

221 991 261 1028 in
281 993 458 1030 manibus
489 994 632 1031 frustra
663 995 848 1031 fuissent:
877 1007 1001 1044 neque
1031 1007 1112 1043 ego,
1130 1008 1197 1044 per
1226 995 1419 1044 ignaviam
1439 1001 1506 1032 aut

220 1067 318 1092 vana
339 1056 501 1104 ingenia,
515 1057 660 1094 incerta
680 1071 747 1106 pro
769 1058 884 1095 certis
905 1062 1108 1107 captarem.
1167 1058 1243 1095 Sed
1263 1058 1353 1109 quia
1371 1059 1506 1096 multis

221 1122 261 1154 et
280 1119 428 1167 magnis
457 1119 468 1135 ²³
482 1119 778 1168 tempestatibus
796 1132 863 1158 vos
882 1120 1042 1169 cognovi
1062 1121 1181 1157 fortes
1201 1121 1370 1171 fidosque
1398 1121 1506 1170 mihi,

220 1193 264 1218 eo
285 1181 434 1217 animus
455 1194 569 1218 ausus
590 1186 649 1218 est
669 1182 879 1219 maximum
901 1187 1015 1232 atque
1036 1183 1335 1232 pulcherrimum
1356 1183 1505 1220 facinus

220 1243 408 1292 incipere,
441 1244 554 1280 simul
575 1245 665 1294 quia
685 1245 793 1281 vobis
814 1245 958 1292 eadem,
978 1258 1063 1295 quae
1082 1245 1189 1294 mihi,
1210 1245 1308 1282 bona
1327 1245 1504 1296 malaque

220 1319 300 1343 esse
322 1306 518 1343 intellexi:
539 1320 627 1343 nam
647 1307 658 1324 ⁴
673 1307 773 1343 idem
789 1307 887 1344 velle
904 1313 1016 1357 atque
1036 1307 1138 1344 idem
1158 1307 1272 1356 nolle,
1288 1321 1332 1345 ea
1352 1308 1504 1346 demum

218 1370 326 1406 firma
346 1369 515 1406 amicitia
535 1375 601 1406 est.
660 1369 747 1418 Sed,
763 1383 832 1419 ego
851 1383 937 1420 quae
957 1377 1083 1407 mente
1104 1370 1258 1419 agitavi,
1279 1383 1408 1407 omnes
1424 1371 1504 1420 jam

219 1438 332 1469 antea
361 1433 502 1470 diversi
535 1433 706 1470 audistis.
767 1433 946 1471 Ceterum
979 1433 1075 1470 mihi
1103 1434 1141 1470 in
1174 1434 1256 1470 dies
1286 1435 1408 1483 magis
1429 1434 1503 1471 ani-

218 1509 303 1532 mus
332 1496 563 1545 accenditur,
582 1509 700 1546 quum
720 1497 929 1545 considero,
949 1510 1034 1547 quae
1065 1496 1233 1534 conditio
1253 1497 1344 1535 vitae
1374 1497 1504 1534 futura

219 1559 281 1608 sit,
325 1559 337 1576 ⁵
351 1559 428 1596 nisi
459 1565 609 1596 nosmet
642 1559 716 1608 ipsi
749 1560 989 1597 vindicamus
1022 1559 1061 1596 in
1095 1559 1325 1597 libertatem.
1401 1560 1502 1597 Nam

218 1628 418 1672 postquam
439 1635 500 1659 res
528 1623 682 1672 publica
715 1623 782 1659 ⁶in
811 1635 1017 1672 paucorum
1052 1623 1267 1672 potentium
1294 1623 1358 1671 jus
1389 1627 1502 1674 atque

219 1687 404 1724 ditionem
426 1687 623 1734 concessit,
644 1699 792 1736 semper
823 1686 901 1723 illis
930 1698 1049 1735 reges,
1070 1685 1274 1723 tetrarchae
1292 1685 1501 1735 vectigales

219 1762 322 1798 esse,
367 1749 509 1799 populi,
542 1750 718 1786 nationes
753 1749 944 1798 stipendia
977 1748 1163 1798 pendere3
1208 1748 1328 1786 ceteri
1362 1761 1502 1799 omnes,

219 1812 377 1861 strenui,
407 1812 508 1860 boni,
529 1812 676 1849 nobiles
710 1816 825 1862 atque
857 1811 1057 1861 ignobiles,
1077 1811 1216 1861 vulgus
1246 1811 1400 1860 fuimus,
1421 1811 1501 1850 sine

217 1875 354 1924 gratia,
385 1875 464 1912 sine
497 1875 738 1923 auctoritate,
759 1874 807 1911 iis
838 1874 1004 1923 obnoxii,
1023 1874 1174 1924 quibus,
1195 1875 1228 1912 si
1257 1887 1318 1912 res
1348 1874 1502 1924 publica

217 1938 376 1986 valeret,
396 1938 594 1974 formidini
625 1950 801 1974 essemus.
861 1937 999 1987 Itaque
1020 1937 1143 1974 omnis
1162 1937 1299 1986 gratia,
1317 1937 1501 1987 potentia,

217 2001 348 2050 honos,
368 2001 515 2038 divitiae
546 2000 648 2050 apud
683 2001 769 2037 illos
803 2005 903 2049 sunt,
924 2005 990 2036 aut
1019 2000 1086 2038 ubi
1117 2000 1176 2036 illi
1205 2000 1360 2048 volunt3
1390 2000 1500 2037 nobis

217 2063 419 2114 reliquere,
461 2063 643 2112 pericula,
675 2062 858 2112 repulsas,
896 2062 1054 2111 judicia,
1085 2067 1304 2112 egestatem.
1379 2062 1391 2080 ⁷
1405 2061 1500 2106 Quae

218 2141 414 2179 quousque
433 2127 588 2164 tandem
619 2126 830 2176 patiemini,
849 2126 1050 2163 fortissimi
1068 2125 1168 2163 viri?
1224 2124 1360 2162 Nonne
1381 2125 1500 2162 emori

218 2206 285 2242 per
317 2193 501 2230 virtutem
535 2196 703 2241 praestat,
723 2204 836 2240 quam
856 2190 975 2227 vitam
996 2190 1173 2226 miseram
1193 2194 1306 2239 atque
1326 2188 1499 2226 inhones-

219 2261 311 2304 tam,
349 2257 417 2295 ubi
461 2256 596 2293 alienae
634 2255 822 2304 superbiae
860 2254 1028 2291 ludibrio
1065 2253 1194 2301 fueris7
1230 2266 1297 2302 per
1335 2252 1500 2290 dedecus

219 2320 424 2356 amittere?
481 2319 628 2357 Verum
654 2318 754 2355 enim
785 2330 885 2364 vero,
915 2317 1008 2366 Bpro
1029 2317 1140 2354 deum
1161 2320 1275 2366 atque
1302 2315 1498 2354 hominum

218 2382 353 2420 fidem!
397 2383 558 2421 victoria
587 2382 627 2419 in
655 2394 772 2419 manu
809 2380 920 2418 nobis
949 2385 1028 2429 est;
1070 2379 1176 2429 viget
1213 2382 1318 2429 aetas,
1348 2379 1498 2421 animus
