<?xml version="1.0" encoding="UTF-8"?>
<!DOCTYPE html PUBLIC "-//W3C//DTD XHTML 1.0 Transitional//EN"
    "http://www.w3.org/TR/xhtml1/DTD/xhtml1-transitional.dtd">
<html xmlns="http://www.w3.org/1999/xhtml" xml:lang="en" lang="en">
 <head>
  <title>
</title>
<meta http-equiv="Content-Type" content="text/html;charset=utf-8" />
  <meta name='ocr-system' content='tesseract 3.04.00' />
  <meta name='ocr-capabilities' content='ocr_page ocr_carea ocr_par ocr_line ocrx_word'/>
</head>
<body>
  <div class='ocr_page' id='page_1' title='image "./historyofconspir00salluoft_0024.png"; bbox 0 0 1630 2612; ppageno 0'>
   <div class='ocr_carea' id='block_1_1' title="bbox 1273 0 1630 109">
    <p class='ocr_par' dir='ltr' id='par_1_1' title="bbox 1273 0 1630 109">
     <span class='ocr_line' id='line_1_1' title="bbox 1273 0 1630 109; baseline 0 2503"><span class='ocrx_word' id='word_1_1' title='bbox 1273 0 1630 109; x_wconf 95' lang='lat' dir='ltr'> </span> 
     </span>
    </p>
   </div>
   <div class='ocr_carea' id='block_1_2' title="bbox 177 186 1116 220">
    <p class='ocr_par' dir='ltr' id='par_1_2' title="bbox 177 186 1116 220">
     <span class='ocr_line' id='line_1_2' title="bbox 177 186 1116 220; baseline -0.001 0"><span class='ocrx_word' id='word_1_2' title='bbox 177 186 221 220; x_wconf 83' lang='lat'>12</span> <span class='ocrx_word' id='word_1_3' title='bbox 517 197 558 220; x_wconf 91' lang='lat' dir='ltr'>c.</span> <span class='ocrx_word' id='word_1_4' title='bbox 609 195 789 220; x_wconf 75' lang='lat' dir='ltr'>cnisri</span> <span class='ocrx_word' id='word_1_5' title='bbox 835 195 1116 220; x_wconf 75' lang='lat' dir='ltr'>SALLus‘rli</span> 
     </span>
    </p>
   </div>
   <div class='ocr_carea' id='block_1_3' title="bbox 152 297 1483 2418">
    <p class='ocr_par' dir='ltr' id='par_1_3' title="bbox 166 297 1450 347">
     <span class='ocr_line' id='line_1_3' title="bbox 166 297 1450 347; baseline 0.001 -12"><span class='ocrx_word' id='word_1_6' title='bbox 166 297 281 336; x_wconf 82' lang='lat' dir='ltr'>bant:</span> <span class='ocrx_word' id='word_1_7' title='bbox 323 297 524 334; x_wconf 86' lang='lat' dir='ltr'>etiamtum</span> <span class='ocrx_word' id='word_1_8' title='bbox 562 297 643 334; x_wconf 85' lang='lat' dir='ltr'>vita</span> <span class='ocrx_word' id='word_1_9' title='bbox 681 297 877 334; x_wconf 89' lang='lat' dir='ltr'>hominum</span> <span class='ocrx_word' id='word_1_10' title='bbox 917 297 996 334; x_wconf 88' lang='lat' dir='ltr'>sine</span> <span class='ocrx_word' id='word_1_11' title='bbox 1034 297 1246 346; x_wconf 87' lang='lat' dir='ltr'>cupiditate</span> <span class='ocrx_word' id='word_1_12' title='bbox 1281 297 1450 347; x_wconf 76' lang='lat' dir='ltr'>agitaba-</span> 
     </span>
    </p>

    <p class='ocr_par' dir='ltr' id='par_1_4' title="bbox 166 361 1448 412">
     <span class='ocr_line' id='line_1_4' title="bbox 166 361 1448 412; baseline -0.001 -13"><span class='ocrx_word' id='word_1_13' title='bbox 166 367 241 411; x_wconf 91' lang='lat' dir='ltr'>tur,</span> <span class='ocrx_word' id='word_1_14' title='bbox 272 375 339 399; x_wconf 86' lang='lat' dir='ltr'>sua</span> <span class='ocrx_word' id='word_1_15' title='bbox 370 363 506 412; x_wconf 83' lang='lat' dir='ltr'>cuique</span> <span class='ocrx_word' id='word_1_16' title='bbox 536 362 629 398; x_wconf 81' lang='lat' dir='ltr'>satis</span> <span class='ocrx_word' id='word_1_17' title='bbox 669 361 880 411; x_wconf 70' lang='lat' dir='ltr'>placebant.</span> <span class='ocrx_word' id='word_1_18' title='bbox 953 361 1122 398; x_wconf 78' lang='lat' dir='ltr'>²Postea</span> <span class='ocrx_word' id='word_1_19' title='bbox 1148 374 1238 399; x_wconf 86' lang='lat' dir='ltr'>vero</span> <span class='ocrx_word' id='word_1_20' title='bbox 1266 375 1379 412; x_wconf 74' lang='lat' dir='ltr'>quam</span> <span class='ocrx_word' id='word_1_21' title='bbox 1409 362 1448 399; x_wconf 89' lang='lat' dir='ltr'>in</span> 
     </span>
    </p>

    <p class='ocr_par' dir='ltr' id='par_1_5' title="bbox 166 422 1448 472">
     <span class='ocr_line' id='line_1_5' title="bbox 166 422 1448 472; baseline 0 -11"><span class='ocrx_word' id='word_1_22' title='bbox 166 424 263 461; x_wconf 84' lang='lat' dir='ltr'>Asia</span> <span class='ocrx_word' id='word_1_23' title='bbox 308 423 443 472; x_wconf 81' lang='lat' dir='ltr'>Cyrus,</span> <span class='ocrx_word' id='word_1_24' title='bbox 481 424 519 459; x_wconf 87' lang='lat' dir='ltr'>in</span> <span class='ocrx_word' id='word_1_25' title='bbox 573 422 721 461; x_wconf 68' lang='lat' dir='ltr'>Graecia</span> <span class='ocrx_word' id='word_1_26' title='bbox 775 423 1058 460; x_wconf 68' lang='lat' dir='ltr'>Lacedaemonii</span> <span class='ocrx_word' id='word_1_27' title='bbox 1100 427 1139 459; x_wconf 90' lang='lat' dir='ltr'>et</span> <span class='ocrx_word' id='word_1_28' title='bbox 1190 423 1448 461; x_wconf 74' lang='lat' dir='ltr'><strong>Athenienses</strong></span> 
     </span>
    </p>

    <p class='ocr_par' dir='ltr' id='par_1_6' title="bbox 166 485 1450 535">
     <span class='ocr_line' id='line_1_6' title="bbox 166 485 1450 535; baseline 0 -13"><span class='ocrx_word' id='word_1_29' title='bbox 166 499 310 535; x_wconf 85' lang='lat' dir='ltr'>coepere</span> <span class='ocrx_word' id='word_1_30' title='bbox 351 486 466 523; x_wconf 85' lang='lat' dir='ltr'>urbes</span> <span class='ocrx_word' id='word_1_31' title='bbox 503 492 617 535; x_wconf 84' lang='lat' dir='ltr'>atque</span> <span class='ocrx_word' id='word_1_32' title='bbox 656 485 831 522; x_wconf 82' lang='lat' dir='ltr'>nationes</span> <span class='ocrx_word' id='word_1_33' title='bbox 865 485 1053 534; x_wconf 81' lang='lat' dir='ltr'>subigere,</span> <span class='ocrx_word' id='word_1_34' title='bbox 1093 485 1293 523; x_wconf 80' lang='lat' dir='ltr'>libidinem</span> <span class='ocrx_word' id='word_1_35' title='bbox 1333 485 1450 522; x_wconf 86' lang='lat' dir='ltr'>domi-</span> 
     </span>
    </p>

    <p class='ocr_par' dir='ltr' id='par_1_7' title="bbox 164 547 1448 597">
     <span class='ocr_line' id='line_1_7' title="bbox 164 547 1448 597; baseline -0.001 -12"><span class='ocrx_word' id='word_1_36' title='bbox 164 549 280 586; x_wconf 86' lang='lat' dir='ltr'>nandi</span> <span class='ocrx_word' id='word_1_37' title='bbox 309 562 459 585; x_wconf 81' lang='lat' dir='ltr'>causam</span> <span class='ocrx_word' id='word_1_38' title='bbox 493 549 586 585; x_wconf 89' lang='lat' dir='ltr'>belli</span> <span class='ocrx_word' id='word_1_39' title='bbox 615 548 766 597; x_wconf 83' lang='lat' dir='ltr'>habere,</span> <span class='ocrx_word' id='word_1_40' title='bbox 787 549 991 584; x_wconf 83' lang='lat' dir='ltr'>maximam</span> <span class='ocrx_word' id='word_1_41' title='bbox 1020 548 1181 597; x_wconf 83' lang='lat' dir='ltr'>gloriam</span> <span class='ocrx_word' id='word_1_42' title='bbox 1214 547 1254 585; x_wconf 85' lang='lat' dir='ltr'>in</span> <span class='ocrx_word' id='word_1_43' title='bbox 1282 548 1448 585; x_wconf 85' lang='lat' dir='ltr'>maximo</span> 
     </span>
    </p>

    <p class='ocr_par' dir='ltr' id='par_1_8' title="bbox 164 599 1483 723">
     <span class='ocr_line' id='line_1_8' title="bbox 165 599 1483 661; baseline -0.002 -13"><span class='ocrx_word' id='word_1_44' title='bbox 165 612 322 661; x_wconf 84' lang='lat' dir='ltr'>imperio</span> <span class='ocrx_word' id='word_1_45' title='bbox 352 617 507 660; x_wconf 76' lang='lat' dir='ltr'>putare3</span> <span class='ocrx_word' id='word_1_46' title='bbox 540 599 621 647; x_wconf 84' lang='lat' dir='ltr'>tum</span> <span class='ocrx_word' id='word_1_47' title='bbox 651 611 804 661; x_wconf 80' lang='lat' dir='ltr'>deinum</span> <span class='ocrx_word' id='word_1_48' title='bbox 824 610 995 660; x_wconf 90' lang='lat' dir='ltr'>periculo</span> <span class='ocrx_word' id='word_1_49' title='bbox 1025 602 1138 660; x_wconf 78' lang='lat' dir='ltr'>atque</span> <span class='ocrx_word' id='word_1_50' title='bbox 1166 610 1332 659; x_wconf 83' lang='lat' dir='ltr'>negotiis</span> <span class='ocrx_word' id='word_1_51' title='bbox 1352 622 1449 647; x_wconf 86' lang='lat' dir='ltr'>com·</span> <span class='ocrx_word' id='word_1_52' title='bbox 1469 628 1483 643; x_wconf 71' lang='lat' dir='ltr'>v</span> 
     </span>
     <span class='ocr_line' id='line_1_9' title="bbox 164 672 1448 723; baseline 0 -13"><span class='ocrx_word' id='word_1_53' title='bbox 164 681 314 723; x_wconf 78' lang='lat' dir='ltr'>portum</span> <span class='ocrx_word' id='word_1_54' title='bbox 337 680 395 711; x_wconf 87' lang='lat' dir='ltr'>cst</span> <span class='ocrx_word' id='word_1_55' title='bbox 426 674 464 710; x_wconf 85' lang='lat' dir='ltr'>in</span> <span class='ocrx_word' id='word_1_56' title='bbox 486 674 586 711; x_wconf 85' lang='lat' dir='ltr'>bello</span> <span class='ocrx_word' id='word_1_57' title='bbox 607 674 814 723; x_wconf 88' lang='lat' dir='ltr'>plurimum</span> <span class='ocrx_word' id='word_1_58' title='bbox 847 673 1042 722; x_wconf 83' lang='lat' dir='ltr'>ingenium</span> <span class='ocrx_word' id='word_1_59' title='bbox 1071 686 1190 722; x_wconf 86' lang='lat' dir='ltr'>posse.</span> <span class='ocrx_word' id='word_1_60' title='bbox 1248 672 1386 718; x_wconf 68' lang='lat' dir='ltr'>”Quod</span> <span class='ocrx_word' id='word_1_61' title='bbox 1414 673 1448 711; x_wconf 82' lang='lat' dir='ltr'>si</span> 
     </span>
    </p>

    <p class='ocr_par' dir='ltr' id='par_1_9' title="bbox 163 736 1448 787">
     <span class='ocr_line' id='line_1_10' title="bbox 163 736 1448 787; baseline -0.001 -14"><span class='ocrx_word' id='word_1_62' title='bbox 163 750 294 785; x_wconf 74' lang='lat' dir='ltr'>regum</span> <span class='ocrx_word' id='word_1_63' title='bbox 317 743 431 787; x_wconf 78' lang='lat' dir='ltr'>atque</span> <span class='ocrx_word' id='word_1_64' title='bbox 454 737 726 786; x_wconf 84' lang='lat' dir='ltr'>imperatorum</span> <span class='ocrx_word' id='word_1_65' title='bbox 755 737 873 773; x_wconf 84' lang='lat' dir='ltr'>animi</span> <span class='ocrx_word' id='word_1_66' title='bbox 902 737 1025 773; x_wconf 85' lang='lat' dir='ltr'>virtus</span> <span class='ocrx_word' id='word_1_67' title='bbox 1058 737 1097 772; x_wconf 91' lang='lat' dir='ltr'>in</span> <span class='ocrx_word' id='word_1_68' title='bbox 1125 749 1216 786; x_wconf 82' lang='lat' dir='ltr'>paee</span> <span class='ocrx_word' id='word_1_69' title='bbox 1247 736 1302 773; x_wconf 84' lang='lat' dir='ltr'>ita</span> <span class='ocrx_word' id='word_1_70' title='bbox 1321 737 1380 773; x_wconf 87' lang='lat' dir='ltr'>uti</span> <span class='ocrx_word' id='word_1_71' title='bbox 1407 736 1448 772; x_wconf 88' lang='lat' dir='ltr'>in</span> 
     </span>
    </p>

    <p class='ocr_par' dir='ltr' id='par_1_10' title="bbox 162 800 1462 914">
     <span class='ocr_line' id='line_1_11' title="bbox 163 800 1462 851; baseline -0.001 -13"><span class='ocrx_word' id='word_1_72' title='bbox 163 801 265 838; x_wconf 88' lang='lat' dir='ltr'>bello</span> <span class='ocrx_word' id='word_1_73' title='bbox 300 801 458 849; x_wconf 87' lang='lat' dir='ltr'>valeret,</span> <span class='ocrx_word' id='word_1_74' title='bbox 491 800 719 851; x_wconf 68' lang='lat' dir='ltr'>aequabilius</span> <span class='ocrx_word' id='word_1_75' title='bbox 750 806 866 851; x_wconf 84' lang='lat' dir='ltr'>atque</span> <span class='ocrx_word' id='word_1_76' title='bbox 905 801 1142 837; x_wconf 84' lang='lat' dir='ltr'>constantius</span> <span class='ocrx_word' id='word_1_77' title='bbox 1171 813 1252 837; x_wconf 90' lang='lat' dir='ltr'>sese</span> <span class='ocrx_word' id='word_1_78' title='bbox 1293 813 1354 837; x_wconf 88' lang='lat' dir='ltr'>res</span> <span class='ocrx_word' id='word_1_79' title='bbox 1381 800 1462 837; x_wconf 78' lang='lat' dir='ltr'>hu·-</span> 
     </span>
     <span class='ocr_line' id='line_1_12' title="bbox 162 863 1447 914; baseline 0 -14"><span class='ocrx_word' id='word_1_80' title='bbox 162 877 284 900; x_wconf 65' lang='lat' dir='ltr'>manac</span> <span class='ocrx_word' id='word_1_81' title='bbox 313 864 520 912; x_wconf 77' lang='lat' dir='ltr'>haberent3</span> <span class='ocrx_word' id='word_1_82' title='bbox 551 864 698 914; x_wconf 61' lang='lat' dir='ltr'>*neque</span> <span class='ocrx_word' id='word_1_83' title='bbox 727 863 833 900; x_wconf 86' lang='lat' dir='ltr'>aliud</span> <span class='ocrx_word' id='word_1_84' title='bbox 861 864 937 900; x_wconf 87' lang='lat' dir='ltr'>alio</span> <span class='ocrx_word' id='word_1_85' title='bbox 965 863 1068 912; x_wconf 90' lang='lat' dir='ltr'>ferri,</span> <span class='ocrx_word' id='word_1_86' title='bbox 1088 876 1210 914; x_wconf 85' lang='lat' dir='ltr'>neque</span> <span class='ocrx_word' id='word_1_87' title='bbox 1243 863 1384 900; x_wconf 85' lang='lat' dir='ltr'>mutari</span> <span class='ocrx_word' id='word_1_88' title='bbox 1403 876 1447 900; x_wconf 81' lang='lat' dir='ltr'>ac</span> 
     </span>
    </p>

    <p class='ocr_par' dir='ltr' id='par_1_11' title="bbox 162 926 1448 976">
     <span class='ocr_line' id='line_1_13' title="bbox 162 926 1448 976; baseline 0 -13"><span class='ocrx_word' id='word_1_89' title='bbox 162 927 314 964; x_wconf 77' lang='lat' dir='ltr'>misceri</span> <span class='ocrx_word' id='word_1_90' title='bbox 348 927 474 963; x_wconf 83' lang='lat' dir='ltr'>omnia</span> <span class='ocrx_word' id='word_1_91' title='bbox 502 939 684 963; x_wconf 88' lang='lat' dir='ltr'>cernercs.</span> <span class='ocrx_word' id='word_1_92' title='bbox 758 927 858 964; x_wconf 84' lang='lat' dir='ltr'>Nam</span> <span class='ocrx_word' id='word_1_93' title='bbox 901 927 1102 976; x_wconf 88' lang='lat' dir='ltr'>imperium</span> <span class='ocrx_word' id='word_1_94' title='bbox 1131 926 1243 963; x_wconf 85' lang='lat' dir='ltr'>facile</span> <span class='ocrx_word' id='word_1_95' title='bbox 1271 926 1330 963; x_wconf 83' lang='lat' dir='ltr'>his</span> <span class='ocrx_word' id='word_1_96' title='bbox 1358 926 1448 963; x_wconf 88' lang='lat' dir='ltr'>arti-</span> 
     </span>
    </p>

    <p class='ocr_par' dir='ltr' id='par_1_12' title="bbox 162 989 1446 1039">
     <span class='ocr_line' id='line_1_14' title="bbox 162 989 1446 1039; baseline -0.002 -11"><span class='ocrx_word' id='word_1_97' title='bbox 162 989 234 1028; x_wconf 90' lang='lat' dir='ltr'>bus</span> <span class='ocrx_word' id='word_1_98' title='bbox 265 989 465 1038; x_wconf 74' lang='lat' dir='ltr'>retinetur,</span> <span class='ocrx_word' id='word_1_99' title='bbox 485 990 624 1039; x_wconf 86' lang='lat' dir='ltr'>quibus</span> <span class='ocrx_word' id='word_1_100' title='bbox 656 989 769 1027; x_wconf 89' lang='lat' dir='ltr'>initio</span> <span class='ocrx_word' id='word_1_101' title='bbox 797 994 950 1039; x_wconf 86' lang='lat' dir='ltr'>partum</span> <span class='ocrx_word' id='word_1_102' title='bbox 981 995 1047 1026; x_wconf 87' lang='lat' dir='ltr'>est.</span> <span class='ocrx_word' id='word_1_103' title='bbox 1108 989 1254 1026; x_wconf 90' lang='lat' dir='ltr'>Verum</span> <span class='ocrx_word' id='word_1_104' title='bbox 1283 989 1350 1026; x_wconf 90' lang='lat' dir='ltr'>ubi</span> <span class='ocrx_word' id='word_1_105' title='bbox 1378 1002 1446 1038; x_wconf 89' lang='lat' dir='ltr'>pro</span> 
     </span>
    </p>

    <p class='ocr_par' dir='ltr' id='par_1_13' title="bbox 161 1051 1445 1102">
     <span class='ocr_line' id='line_1_15' title="bbox 161 1051 1445 1102; baseline 0 -14"><span class='ocrx_word' id='word_1_106' title='bbox 161 1051 290 1088; x_wconf 81' lang='lat' dir='ltr'>labore</span> <span class='ocrx_word' id='word_1_107' title='bbox 325 1052 485 1099; x_wconf 82' lang='lat' dir='ltr'>desidia,</span> <span class='ocrx_word' id='word_1_108' title='bbox 517 1065 584 1101; x_wconf 90' lang='lat' dir='ltr'>pro</span> <span class='ocrx_word' id='word_1_109' title='bbox 614 1052 849 1088; x_wconf 84' lang='lat' dir='ltr'>continentia</span> <span class='ocrx_word' id='word_1_110' title='bbox 891 1056 929 1088; x_wconf 91' lang='lat' dir='ltr'>et</span> <span class='ocrx_word' id='word_1_111' title='bbox 961 1051 1143 1102; x_wconf 84' lang='lat' dir='ltr'>aequitate</span> <span class='ocrx_word' id='word_1_112' title='bbox 1182 1051 1302 1088; x_wconf 87' lang='lat' dir='ltr'>libido</span> <span class='ocrx_word' id='word_1_113' title='bbox 1331 1055 1445 1101; x_wconf 84' lang='lat' dir='ltr'>atque</span> 
     </span>
    </p>

    <p class='ocr_par' dir='ltr' id='par_1_14' title="bbox 162 1113 1446 1162">
     <span class='ocr_line' id='line_1_16' title="bbox 162 1113 1446 1162; baseline 0 -12"><span class='ocrx_word' id='word_1_114' title='bbox 162 1113 341 1162; x_wconf 84' lang='lat' dir='ltr'>superbia</span> <span class='ocrx_word' id='word_1_115' title='bbox 383 1114 566 1161; x_wconf 81' lang='lat' dir='ltr'>invasere,</span> <span class='ocrx_word' id='word_1_116' title='bbox 594 1114 748 1150; x_wconf 84' lang='lat' dir='ltr'>fortuna</span> <span class='ocrx_word' id='word_1_117' title='bbox 786 1113 901 1150; x_wconf 89' lang='lat' dir='ltr'>simul</span> <span class='ocrx_word' id='word_1_118' title='bbox 940 1126 1024 1150; x_wconf 84' lang='lat' dir='ltr'>eum</span> <span class='ocrx_word' id='word_1_119' title='bbox 1063 1113 1233 1151; x_wconf 88' lang='lat' dir='ltr'>moribus</span> <span class='ocrx_word' id='word_1_120' title='bbox 1271 1113 1446 1150; x_wconf 83' lang='lat' dir='ltr'>immuta-</span> 
     </span>
    </p>

    <p class='ocr_par' dir='ltr' id='par_1_15' title="bbox 161 1175 1446 1226">
     <span class='ocr_line' id='line_1_17' title="bbox 161 1175 1446 1226; baseline 0 -14"><span class='ocrx_word' id='word_1_121' title='bbox 161 1180 234 1212; x_wconf 86' lang='lat' dir='ltr'>tur.</span> <span class='ocrx_word' id='word_1_122' title='bbox 293 1176 357 1212; x_wconf 87' lang='lat' dir='ltr'>Ita</span> <span class='ocrx_word' id='word_1_123' title='bbox 388 1176 592 1225; x_wconf 85' lang='lat' dir='ltr'>imperium</span> <span class='ocrx_word' id='word_1_124' title='bbox 627 1189 775 1225; x_wconf 84' lang='lat' dir='ltr'>semper</span> <span class='ocrx_word' id='word_1_125' title='bbox 805 1175 877 1212; x_wconf 78' lang='lat' dir='ltr'>⁵ad</span> <span class='ocrx_word' id='word_1_126' title='bbox 898 1176 1084 1224; x_wconf 89' lang='lat' dir='ltr'>optimum</span> <span class='ocrx_word' id='word_1_127' title='bbox 1113 1188 1301 1226; x_wconf 83' lang='lat' dir='ltr'>quemque</span> <span class='ocrx_word' id='word_1_128' title='bbox 1329 1188 1351 1212; x_wconf 79' lang='lat' dir='ltr'>a</span> <span class='ocrx_word' id='word_1_129' title='bbox 1378 1175 1446 1212; x_wconf 87' lang='lat' dir='ltr'>mi-</span> 
     </span>
    </p>

    <p class='ocr_par' dir='ltr' id='par_1_16' title="bbox 160 1237 1446 1287">
     <span class='ocr_line' id='line_1_18' title="bbox 160 1237 1446 1287; baseline -0.001 -13"><span class='ocrx_word' id='word_1_130' title='bbox 160 1251 231 1274; x_wconf 88' lang='lat' dir='ltr'>nus</span> <span class='ocrx_word' id='word_1_131' title='bbox 267 1238 365 1276; x_wconf 90' lang='lat' dir='ltr'>bono</span> <span class='ocrx_word' id='word_1_132' title='bbox 408 1239 649 1275; x_wconf 72' lang='lat' dir='ltr'>transfertur.</span> <span class='ocrx_word' id='word_1_133' title='bbox 721 1238 842 1283; x_wconf 77' lang='lat' dir='ltr'>‘’Quae</span> <span class='ocrx_word' id='word_1_134' title='bbox 883 1238 1055 1275; x_wconf 89' lang='lat' dir='ltr'>homines</span> <span class='ocrx_word' id='word_1_135' title='bbox 1092 1242 1213 1286; x_wconf 85' lang='lat' dir='ltr'>arant,</span> <span class='ocrx_word' id='word_1_136' title='bbox 1251 1237 1446 1287; x_wconf 77' lang='lat' dir='ltr'>navigant,</span> 
     </span>
    </p>

    <p class='ocr_par' dir='ltr' id='par_1_17' title="bbox 159 1299 1473 1414">
     <span class='ocr_line' id='line_1_19' title="bbox 159 1299 1473 1350; baseline 0 -13"><span class='ocrx_word' id='word_1_137' title='bbox 159 1300 362 1348; x_wconf 79' lang='lat' dir='ltr'>aedificant,</span> <span class='ocrx_word' id='word_1_138' title='bbox 391 1301 529 1337; x_wconf 83' lang='lat' dir='ltr'>virtuti</span> <span class='ocrx_word' id='word_1_139' title='bbox 569 1300 696 1337; x_wconf 83' lang='lat' dir='ltr'>omnia</span> <span class='ocrx_word' id='word_1_140' title='bbox 743 1306 888 1350; x_wconf 86' lang='lat' dir='ltr'>parent.</span> <span class='ocrx_word' id='word_1_141' title='bbox 975 1300 1052 1338; x_wconf 86' lang='lat' dir='ltr'>Sed</span> <span class='ocrx_word' id='word_1_142' title='bbox 1090 1300 1203 1337; x_wconf 85' lang='lat' dir='ltr'>multi</span> <span class='ocrx_word' id='word_1_143' title='bbox 1251 1299 1473 1349; x_wconf 78' lang='lat' dir='ltr'>mortales,›</span> 
     </span>
     <span class='ocr_line' id='line_1_20' title="bbox 161 1363 1444 1414; baseline 0 -14"><span class='ocrx_word' id='word_1_144' title='bbox 161 1363 283 1400; x_wconf 88' lang='lat' dir='ltr'>dediti</span> <span class='ocrx_word' id='word_1_145' title='bbox 333 1364 460 1400; x_wconf 86' lang='lat' dir='ltr'>ventri</span> <span class='ocrx_word' id='word_1_146' title='bbox 512 1368 628 1414; x_wconf 84' lang='lat' dir='ltr'>atque</span> <span class='ocrx_word' id='word_1_147' title='bbox 676 1376 819 1412; x_wconf 88' lang='lat' dir='ltr'>somno,</span> <span class='ocrx_word' id='word_1_148' title='bbox 858 1363 1003 1400; x_wconf 79' lang='lat' dir='ltr'>indocti</span> <span class='ocrx_word' id='word_1_149' title='bbox 1050 1363 1263 1413; x_wconf 80' lang='lat' dir='ltr'>incultique</span> <span class='ocrx_word' id='word_1_150' title='bbox 1313 1363 1444 1412; x_wconf 85' lang='lat' dir='ltr'>vitam,</span> 
     </span>
    </p>

    <p class='ocr_par' dir='ltr' id='par_1_18' title="bbox 161 1425 1444 1476">
     <span class='ocr_line' id='line_1_21' title="bbox 161 1425 1444 1476; baseline 0 -14"><span class='ocrx_word' id='word_1_151' title='bbox 161 1425 303 1463; x_wconf 80' lang='lat' dir='ltr'>⁷sieuti</span> <span class='ocrx_word' id='word_1_152' title='bbox 340 1426 641 1475; x_wconf 80' lang='lat' dir='ltr'>peregrinantes,</span> <span class='ocrx_word' id='word_1_153' title='bbox 670 1426 880 1474; x_wconf 78' lang='lat' dir='ltr'>transiere3</span> <span class='ocrx_word' id='word_1_154' title='bbox 925 1425 1064 1476; x_wconf 86' lang='lat' dir='ltr'>quibus</span> <span class='ocrx_word' id='word_1_155' title='bbox 1102 1425 1272 1474; x_wconf 83' lang='lat' dir='ltr'>profecto</span> <span class='ocrx_word' id='word_1_156' title='bbox 1311 1429 1444 1462; x_wconf 80' lang='lat' dir='ltr'>eontra</span> 
     </span>
    </p>

    <p class='ocr_par' dir='ltr' id='par_1_19' title="bbox 157 1487 1472 1602">
     <span class='ocr_line' id='line_1_22' title="bbox 158 1487 1472 1538; baseline -0.001 -13"><span class='ocrx_word' id='word_1_157' title='bbox 158 1493 335 1525; x_wconf 80' lang='lat' dir='ltr'>naturam</span> <span class='ocrx_word' id='word_1_158' title='bbox 364 1501 499 1538; x_wconf 86' lang='lat' dir='ltr'>eorpus</span> <span class='ocrx_word' id='word_1_159' title='bbox 531 1488 733 1538; x_wconf 81' lang='lat' dir='ltr'>voluptati,</span> <span class='ocrx_word' id='word_1_160' title='bbox 766 1489 892 1525; x_wconf 84' lang='lat' dir='ltr'>anima</span> <span class='ocrx_word' id='word_1_161' title='bbox 925 1488 1031 1526; x_wconf 90' lang='lat' dir='ltr'>oneri</span> <span class='ocrx_word' id='word_1_162' title='bbox 1058 1488 1141 1525; x_wconf 85' lang='lat' dir='ltr'>fuit.</span> <span class='ocrx_word' id='word_1_163' title='bbox 1201 1487 1344 1525; x_wconf 84' lang='lat' dir='ltr'>Eorum</span> <span class='ocrx_word' id='word_1_164' title='bbox 1373 1499 1472 1537; x_wconf 69' lang='lat' dir='ltr'>egos</span> 
     </span>
     <span class='ocr_line' id='line_1_23' title="bbox 157 1550 1444 1602; baseline -0.002 -14"><span class='ocrx_word' id='word_1_165' title='bbox 157 1551 277 1589; x_wconf 82' lang='lat' dir='ltr'>vitam</span> <span class='ocrx_word' id='word_1_166' title='bbox 298 1555 536 1602; x_wconf 88' lang='lat' dir='ltr'>mortemque</span> <span class='ocrx_word' id='word_1_167' title='bbox 561 1553 675 1600; x_wconf 82' lang='lat' dir='ltr'>juxta</span> <span class='ocrx_word' id='word_1_168' title='bbox 707 1552 868 1600; x_wconf 75' lang='lat' dir='ltr'>aestimo,</span> <span class='ocrx_word' id='word_1_169' title='bbox 886 1551 1066 1602; x_wconf 84' lang='lat' dir='ltr'>quoniam</span> <span class='ocrx_word' id='word_1_170' title='bbox 1095 1551 1142 1588; x_wconf 92' lang='lat' dir='ltr'>de</span> <span class='ocrx_word' id='word_1_171' title='bbox 1169 1555 1330 1601; x_wconf 85' lang='lat' dir='ltr'>utraque</span> <span class='ocrx_word' id='word_1_172' title='bbox 1358 1550 1444 1587; x_wconf 87' lang='lat' dir='ltr'>sile-</span> 
     </span>
    </p>

    <p class='ocr_par' dir='ltr' id='par_1_20' title="bbox 158 1613 1442 1664">
     <span class='ocr_line' id='line_1_24' title="bbox 158 1613 1442 1664; baseline 0 -14"><span class='ocrx_word' id='word_1_173' title='bbox 158 1618 232 1651; x_wconf 87' lang='lat' dir='ltr'>tur.</span> <span class='ocrx_word' id='word_1_174' title='bbox 290 1613 467 1651; x_wconf 69' lang='lat' dir='ltr'>‘Verum</span> <span class='ocrx_word' id='word_1_175' title='bbox 497 1614 690 1652; x_wconf 89' lang='lat' dir='ltr'>enimvero</span> <span class='ocrx_word' id='word_1_176' title='bbox 710 1614 743 1651; x_wconf 89' lang='lat' dir='ltr'>is</span> <span class='ocrx_word' id='word_1_177' title='bbox 771 1614 926 1651; x_wconf 89' lang='lat' dir='ltr'>demum</span> <span class='ocrx_word' id='word_1_178' title='bbox 953 1614 1048 1650; x_wconf 89' lang='lat' dir='ltr'>mihi</span> <span class='ocrx_word' id='word_1_179' title='bbox 1076 1614 1202 1651; x_wconf 87' lang='lat' dir='ltr'>vivere</span> <span class='ocrx_word' id='word_1_180' title='bbox 1223 1618 1337 1664; x_wconf 80' lang='lat' dir='ltr'>atque</span> <span class='ocrx_word' id='word_1_181' title='bbox 1365 1613 1442 1650; x_wconf 91' lang='lat' dir='ltr'>frui</span> 
     </span>
    </p>

    <p class='ocr_par' dir='ltr' id='par_1_21' title="bbox 160 1676 1443 1728">
     <span class='ocr_line' id='line_1_25' title="bbox 160 1676 1443 1728; baseline -0.002 -14"><span class='ocrx_word' id='word_1_182' title='bbox 160 1677 288 1714; x_wconf 84' lang='lat' dir='ltr'>anima</span> <span class='ocrx_word' id='word_1_183' title='bbox 306 1677 472 1727; x_wconf 87' lang='lat' dir='ltr'>videtur,</span> <span class='ocrx_word' id='word_1_184' title='bbox 492 1677 570 1728; x_wconf 87' lang='lat' dir='ltr'>qui,</span> <span class='ocrx_word' id='word_1_185' title='bbox 590 1677 718 1728; x_wconf 86' lang='lat' dir='ltr'>aliquo</span> <span class='ocrx_word' id='word_1_186' title='bbox 737 1677 892 1726; x_wconf 85' lang='lat' dir='ltr'>negotio</span> <span class='ocrx_word' id='word_1_187' title='bbox 924 1677 1107 1726; x_wconf 85' lang='lat' dir='ltr'>intentus,</span> <span class='ocrx_word' id='word_1_188' title='bbox 1125 1676 1300 1726; x_wconf 81' lang='lat' dir='ltr'>praeelari</span> <span class='ocrx_word' id='word_1_189' title='bbox 1327 1676 1443 1713; x_wconf 79' lang='lat' dir='ltr'>facin-</span> 
     </span>
    </p>

    <p class='ocr_par' dir='ltr' id='par_1_22' title="bbox 159 1739 1443 1790">
     <span class='ocr_line' id='line_1_26' title="bbox 159 1739 1443 1790; baseline 0 -14"><span class='ocrx_word' id='word_1_190' title='bbox 159 1739 235 1776; x_wconf 91' lang='lat' dir='ltr'>oris</span> <span class='ocrx_word' id='word_1_191' title='bbox 263 1745 330 1776; x_wconf 87' lang='lat' dir='ltr'>aut</span> <span class='ocrx_word' id='word_1_192' title='bbox 358 1740 454 1777; x_wconf 87' lang='lat' dir='ltr'>artis</span> <span class='ocrx_word' id='word_1_193' title='bbox 482 1740 591 1777; x_wconf 87' lang='lat' dir='ltr'>bonae</span> <span class='ocrx_word' id='word_1_194' title='bbox 619 1740 760 1777; x_wconf 82' lang='lat' dir='ltr'>famam</span> <span class='ocrx_word' id='word_1_195' title='bbox 781 1739 928 1790; x_wconf 87' lang='lat' dir='ltr'>quaerit.</span> <span class='ocrx_word' id='word_1_196' title='bbox 987 1739 1063 1778; x_wconf 86' lang='lat' dir='ltr'>Sed</span> <span class='ocrx_word' id='word_1_197' title='bbox 1097 1739 1135 1776; x_wconf 90' lang='lat' dir='ltr'>in</span> <span class='ocrx_word' id='word_1_198' title='bbox 1169 1752 1307 1788; x_wconf 83' lang='lat' dir='ltr'>magna</span> <span class='ocrx_word' id='word_1_199' title='bbox 1334 1739 1443 1789; x_wconf 79' lang='lat' dir='ltr'>eopia</span> 
     </span>
    </p>

    <p class='ocr_par' dir='ltr' id='par_1_23' title="bbox 158 1800 974 1839">
     <span class='ocr_line' id='line_1_27' title="bbox 158 1800 974 1839; baseline 0.001 -1"><span class='ocrx_word' id='word_1_200' title='bbox 158 1802 310 1839; x_wconf 81' lang='lat' dir='ltr'>¹&#39;rerum</span> <span class='ocrx_word' id='word_1_201' title='bbox 331 1801 437 1838; x_wconf 88' lang='lat' dir='ltr'>aliud</span> <span class='ocrx_word' id='word_1_202' title='bbox 458 1802 525 1838; x_wconf 87' lang='lat' dir='ltr'>alii</span> <span class='ocrx_word' id='word_1_203' title='bbox 544 1807 683 1839; x_wconf 85' lang='lat' dir='ltr'>natura</span> <span class='ocrx_word' id='word_1_204' title='bbox 703 1802 777 1839; x_wconf 89' lang='lat' dir='ltr'>iter</span> <span class='ocrx_word' id='word_1_205' title='bbox 796 1800 974 1839; x_wconf 80' lang='lat' dir='ltr'>ostendit.</span> 
     </span>
    </p>

    <p class='ocr_par' dir='ltr' id='par_1_24' title="bbox 152 1864 1440 2418">
     <span class='ocr_line' id='line_1_28' title="bbox 234 1864 1440 1914; baseline 0 -12"><span class='ocrx_word' id='word_1_206' title='bbox 234 1864 315 1902; x_wconf 84' lang='grc' dir='ltr'>ΠΙ.</span> <span class='ocrx_word' id='word_1_207' title='bbox 361 1864 571 1902; x_wconf 84' lang='lat' dir='ltr'>Pulchrum</span> <span class='ocrx_word' id='word_1_208' title='bbox 610 1870 668 1902; x_wconf 86' lang='lat' dir='ltr'>est</span> <span class='ocrx_word' id='word_1_209' title='bbox 707 1865 826 1903; x_wconf 89' lang='lat' dir='ltr'>¹bene</span> <span class='ocrx_word' id='word_1_210' title='bbox 863 1865 987 1902; x_wconf 85' lang='lat' dir='ltr'>facere</span> <span class='ocrx_word' id='word_1_211' title='bbox 1015 1864 1071 1902; x_wconf 90' lang='lat' dir='ltr'>rei</span> <span class='ocrx_word' id='word_1_212' title='bbox 1099 1864 1284 1914; x_wconf 74' lang='lat' dir='ltr'>publicae5</span> <span class='ocrx_word' id='word_1_213' title='bbox 1323 1864 1440 1902; x_wconf 82' lang='lat' dir='ltr'>etiam</span> 
     </span>
     <span class='ocr_line' id='line_1_29' title="bbox 155 1926 1439 1977; baseline -0.001 -12"><span class='ocrx_word' id='word_1_214' title='bbox 155 1926 251 1965; x_wconf 88' lang='lat' dir='ltr'>bene</span> <span class='ocrx_word' id='word_1_215' title='bbox 273 1927 398 1964; x_wconf 87' lang='lat' dir='ltr'>dicere</span> <span class='ocrx_word' id='word_1_216' title='bbox 417 1927 520 1964; x_wconf 85' lang='lat' dir='ltr'>haud</span> <span class='ocrx_word' id='word_1_217' title='bbox 549 1927 758 1965; x_wconf 84' lang='lat' dir='ltr'>absurdum</span> <span class='ocrx_word' id='word_1_218' title='bbox 779 1933 861 1976; x_wconf 83' lang='lat' dir='ltr'>est3</span> <span class='ocrx_word' id='word_1_219' title='bbox 892 1929 953 1965; x_wconf 88' lang='lat' dir='ltr'>vel</span> <span class='ocrx_word' id='word_1_220' title='bbox 972 1941 1063 1977; x_wconf 84' lang='lat' dir='ltr'>paee</span> <span class='ocrx_word' id='word_1_221' title='bbox 1085 1928 1146 1965; x_wconf 86' lang='lat' dir='ltr'>vel</span> <span class='ocrx_word' id='word_1_222' title='bbox 1164 1927 1266 1966; x_wconf 88' lang='lat' dir='ltr'>bello</span> <span class='ocrx_word' id='word_1_223' title='bbox 1294 1927 1439 1965; x_wconf 86' lang='lat' dir='ltr'>clarum</span> 
     </span>
     <span class='ocr_line' id='line_1_30' title="bbox 155 1989 1438 2042; baseline 0 -16"><span class='ocrx_word' id='word_1_224' title='bbox 155 1989 239 2027; x_wconf 88' lang='lat' dir='ltr'>fieri</span> <span class='ocrx_word' id='word_1_225' title='bbox 267 1989 381 2039; x_wconf 79' lang='lat' dir='ltr'>licet3</span> <span class='ocrx_word' id='word_1_226' title='bbox 426 1995 465 2027; x_wconf 90' lang='lat' dir='ltr'>et</span> <span class='ocrx_word' id='word_1_227' title='bbox 498 1991 565 2041; x_wconf 86' lang='lat' dir='ltr'>qui</span> <span class='ocrx_word' id='word_1_228' title='bbox 593 1991 729 2041; x_wconf 78' lang='lat' dir='ltr'>fecere,</span> <span class='ocrx_word' id='word_1_229' title='bbox 758 1996 796 2028; x_wconf 91' lang='lat' dir='ltr'>et</span> <span class='ocrx_word' id='word_1_230' title='bbox 829 1991 895 2042; x_wconf 87' lang='lat' dir='ltr'>qui</span> <span class='ocrx_word' id='word_1_231' title='bbox 923 1991 1025 2028; x_wconf 84' lang='lat' dir='ltr'>faeta</span> <span class='ocrx_word' id='word_1_232' title='bbox 1053 1991 1214 2028; x_wconf 88' lang='lat' dir='ltr'>aliorum</span> <span class='ocrx_word' id='word_1_233' title='bbox 1242 1989 1438 2039; x_wconf 82' lang='lat' dir='ltr'>scripsere,</span> 
     </span>
     <span class='ocr_line' id='line_1_31' title="bbox 154 2051 1439 2104; baseline 0.002 -16"><span class='ocrx_word' id='word_1_234' title='bbox 154 2051 269 2089; x_wconf 89' lang='lat' dir='ltr'>multi</span> <span class='ocrx_word' id='word_1_235' title='bbox 306 2052 520 2090; x_wconf 85' lang='lat' dir='ltr'>laudantur.</span> <span class='ocrx_word' id='word_1_236' title='bbox 592 2054 652 2091; x_wconf 88' lang='lat' dir='ltr'>Ac</span> <span class='ocrx_word' id='word_1_237' title='bbox 690 2054 812 2090; x_wconf 66' lang='lat' dir='ltr'>“mihi</span> <span class='ocrx_word' id='word_1_238' title='bbox 853 2054 1019 2104; x_wconf 89' lang='lat' dir='ltr'>quidem,</span> <span class='ocrx_word' id='word_1_239' title='bbox 1055 2053 1210 2091; x_wconf 84' lang='lat' dir='ltr'>tametsi</span> <span class='ocrx_word' id='word_1_240' title='bbox 1246 2052 1439 2104; x_wconf 81' lang='lat' dir='ltr'>haudqua-</span> 
     </span>
     <span class='ocr_line' id='line_1_32' title="bbox 155 2115 1439 2166; baseline 0.002 -14"><span class='ocrx_word' id='word_1_241' title='bbox 155 2128 268 2165; x_wconf 84' lang='lat' dir='ltr'>quam</span> <span class='ocrx_word' id='word_1_242' title='bbox 301 2128 370 2166; x_wconf 88' lang='lat' dir='ltr'>par</span> <span class='ocrx_word' id='word_1_243' title='bbox 397 2115 520 2165; x_wconf 86' lang='lat' dir='ltr'>gloria</span> <span class='ocrx_word' id='word_1_244' title='bbox 559 2116 733 2166; x_wconf 86' lang='lat' dir='ltr'>sequitur</span> <span class='ocrx_word' id='word_1_245' title='bbox 762 2117 983 2166; x_wconf 86' lang='lat' dir='ltr'>scriptorem</span> <span class='ocrx_word' id='word_1_246' title='bbox 1013 2122 1052 2154; x_wconf 89' lang='lat' dir='ltr'>et</span> <span class='ocrx_word' id='word_1_247' title='bbox 1079 2122 1272 2154; x_wconf 84' lang='lat' dir='ltr'>auctorem</span> <span class='ocrx_word' id='word_1_248' title='bbox 1299 2130 1439 2166; x_wconf 88' lang='lat' dir='ltr'>rerum,</span> 
     </span>
     <span class='ocr_line' id='line_1_33' title="bbox 156 2178 1438 2229; baseline 0.002 -16"><span class='ocrx_word' id='word_1_249' title='bbox 156 2182 284 2214; x_wconf 85' lang='lat' dir='ltr'>tamen</span> <span class='ocrx_word' id='word_1_250' title='bbox 314 2178 355 2214; x_wconf 89' lang='lat' dir='ltr'>in</span> <span class='ocrx_word' id='word_1_251' title='bbox 387 2178 522 2228; x_wconf 88' lang='lat' dir='ltr'>primis</span> <span class='ocrx_word' id='word_1_252' title='bbox 550 2179 712 2216; x_wconf 85' lang='lat' dir='ltr'>arduum</span> <span class='ocrx_word' id='word_1_253' title='bbox 732 2179 886 2217; x_wconf 87' lang='lat' dir='ltr'>videtur</span> <span class='ocrx_word' id='word_1_254' title='bbox 914 2193 974 2217; x_wconf 87' lang='lat' dir='ltr'>res</span> <span class='ocrx_word' id='word_1_255' title='bbox 1002 2185 1129 2229; x_wconf 83' lang='lat' dir='ltr'>gestas</span> <span class='ocrx_word' id='word_1_256' title='bbox 1149 2179 1335 2218; x_wconf 88' lang='lat' dir='ltr'>scribere:</span> <span class='ocrx_word' id='word_1_257' title='bbox 1364 2179 1438 2229; x_wconf 88' lang='lat' dir='ltr'>pri-</span> 
     </span>
     <span class='ocr_line' id='line_1_34' title="bbox 155 2241 1438 2293; baseline 0.002 -17"><span class='ocrx_word' id='word_1_258' title='bbox 155 2252 270 2289; x_wconf 88' lang='lat' dir='ltr'>mum,</span> <span class='ocrx_word' id='word_1_259' title='bbox 299 2241 402 2291; x_wconf 89' lang='lat' dir='ltr'>quod</span> <span class='ocrx_word' id='word_1_260' title='bbox 430 2241 532 2278; x_wconf 83' lang='lat' dir='ltr'>saeta</span> <span class='ocrx_word' id='word_1_261' title='bbox 567 2241 682 2278; x_wconf 85' lang='lat' dir='ltr'>dictis</span> <span class='ocrx_word' id='word_1_262' title='bbox 710 2247 800 2278; x_wconf 90' lang='lat' dir='ltr'>sunt</span> <span class='ocrx_word' id='word_1_263' title='bbox 834 2243 1084 2293; x_wconf 79' lang='lat' dir='ltr'>exaequanda3</span> <span class='ocrx_word' id='word_1_264' title='bbox 1129 2242 1277 2291; x_wconf 82' lang='lat' dir='ltr'>dehine,</span> <span class='ocrx_word' id='word_1_265' title='bbox 1321 2242 1438 2292; x_wconf 69' lang='lat' dir='ltr'>”quia</span> 
     </span>
     <span class='ocr_line' id='line_1_35' title="bbox 152 2301 1438 2354; baseline 0.003 -17"><span class='ocrx_word' id='word_1_266' title='bbox 152 2301 336 2352; x_wconf 85' lang='lat' dir='ltr'>plerique,</span> <span class='ocrx_word' id='word_1_267' title='bbox 365 2317 451 2354; x_wconf 85' lang='lat' dir='ltr'>quae</span> <span class='ocrx_word' id='word_1_268' title='bbox 481 2303 624 2341; x_wconf 83' lang='lat' dir='ltr'>delicta</span> <span class='ocrx_word' id='word_1_269' title='bbox 664 2305 964 2354; x_wconf 87' lang='lat' dir='ltr'>reprehenderis,</span> <span class='ocrx_word' id='word_1_270' title='bbox 996 2305 1266 2343; x_wconf 83' lang='lat' dir='ltr'>malevolentia</span> <span class='ocrx_word' id='word_1_271' title='bbox 1304 2310 1344 2342; x_wconf 85' lang='lat' dir='ltr'>et</span> <span class='ocrx_word' id='word_1_272' title='bbox 1384 2303 1438 2342; x_wconf 86' lang='lat' dir='ltr'>in-</span> 
     </span>
     <span class='ocr_line' id='line_1_36' title="bbox 152 2362 1438 2418; baseline 0.005 -20"><span class='ocrx_word' id='word_1_273' title='bbox 152 2362 257 2400; x_wconf 85' lang='lat' dir='ltr'>vidia</span> <span class='ocrx_word' id='word_1_274' title='bbox 277 2364 379 2402; x_wconf 88' lang='lat' dir='ltr'>dicta</span> <span class='ocrx_word' id='word_1_275' title='bbox 398 2370 556 2415; x_wconf 79' lang='lat' dir='ltr'>putant3</span> <span class='ocrx_word' id='word_1_276' title='bbox 581 2367 647 2405; x_wconf 85' lang='lat' dir='ltr'>ubi</span> <span class='ocrx_word' id='word_1_277' title='bbox 667 2367 713 2404; x_wconf 91' lang='lat' dir='ltr'>de</span> <span class='ocrx_word' id='word_1_278' title='bbox 730 2381 867 2417; x_wconf 83' lang='lat' dir='ltr'>magna</span> <span class='ocrx_word' id='word_1_279' title='bbox 886 2368 1030 2406; x_wconf 80' lang='lat' dir='ltr'>virtute</span> <span class='ocrx_word' id='word_1_280' title='bbox 1050 2372 1164 2418; x_wconf 83' lang='lat' dir='ltr'>atque</span> <span class='ocrx_word' id='word_1_281' title='bbox 1183 2367 1306 2417; x_wconf 77' lang='lat' dir='ltr'>gloria</span> <span class='ocrx_word' id='word_1_282' title='bbox 1325 2367 1438 2406; x_wconf 90' lang='lat' dir='ltr'>bono-</span> 
     </span>
    </p>
   </div>
  </div>
 </body>
</html>
