1566 2586
154 157 227 192 132
502 168 544 192 c.
594 167 773 192 orusrr
819 167 1099 192 SALLUS'rIl

150 269 286 306 itinere
306 269 417 306 fessis
437 269 622 317 omnibus,
643 268 752 307 Sulla
779 269 924 318 pariter
955 281 1040 306 cum
1071 274 1158 306 ort-u
1188 269 1279 307 solis
1306 274 1432 307 castra

148 332 377 380 metabatur,
390 345 505 382 quum
523 332 671 382 equites
688 331 816 368 Mauri
830 331 1010 368 nuntiant
1026 331 1055 368 J
1057 331 1262 380 ugurtham
1278 331 1432 370 circiter

148 396 264 433 duum
295 395 460 432 millium
490 395 693 431 intervallo
720 399 808 431 ante
829 407 892 430 eos
912 394 1135 431 consedisse.
1193 393 1304 439 Quod
1331 399 1431 444 post-

146 472 259 509 quam
281 459 454 495 auditum
476 464 545 505 est,
567 463 647 494 tum
668 470 757 495 vero
778 457 911 506 ingens
930 462 1055 494 metus
1079 462 1230 495 nostros
1258 457 1428 496 invadit:

147 522 301 559 credere
322 535 361 559 se
390 521 562 571 proditos
590 535 612 558 a
633 520 779 558 Voluce
808 526 846 557 et
875 521 1025 558 insidiis
1052 520 1352 558 circumventos:
1387 533 1431 557 ao

148 586 289 634 ‘'fuere,
308 587 374 636 qui
395 586 566 622 dicerent
592 599 707 622 manu
736 585 1019 634 vindicandum,
1038 597 1160 635 neque
1190 585 1291 635 apud
1319 584 1431 622 illum

146 655 295 686 tantum
316 649 439 686 scelus
460 649 626 685 inultum
646 648 948 698 relinquendum.

226 711 357 750 CVII.
390 713 446 748 At
467 711 586 760 Sulla,
605 724 834 762 quamquam
863 710 995 748 eadem
1025 709 1283 756 existimabat,
1301 714 1430 748 tamen

132 767 193 812 ¹ab
227 775 367 823 injuria
396 774 575 812 Maurum
605 774 791 823 prohibet.
850 773 947 811 Suos
977 773 1163 822 hortatur,
1182 773 1265 810 ‘uti
1291 772 1430 810 fortem

147 839 315 874 animum
352 843 552 887 gererent:
597 849 696 886 saepe
732 842 820 873 ante
857 836 988 886 paucis
1025 835 1191 873 strenuis
1228 835 1429 874 adversum

146 900 432 937 multitudinem
453 900 547 937 bene
567 905 777 949 pugnatum
795 913 801 936 :
825 900 833 916 ¹
847 906 991 949 quanto
1010 898 1084 936 sibi
1102 898 1141 934 in
1157 897 1289 947 proelio
1303 898 1430 936 minus

145 962 415 1012 pepercissent,
445 968 554 999 tanto
588 963 751 999 tutiores
781 962 884 998 fore:
924 974 994 998 nec
1023 974 1252 1011 quemquam
1283 960 1418 997 decere

145 1027 210 1077 qui
232 1039 366 1063 manus
385 1027 604 1074 armaverit,
623 1026 671 1063 ab
699 1025 855 1062 inermis
883 1025 1045 1074 pedibus
1073 1024 1260 1061 auxilium
1287 1028 1430 1073 petere.

146 1090 184 1125 in
205 1090 371 1126 maximo
391 1094 499 1126 metu
518 1089 661 1126 nudum
682 1094 721 1125 et
741 1101 881 1126 caecum
901 1100 1036 1137 corpus
1051 1087 1100 1124 ad
1115 1087 1243 1124 hostes
1258 1088 1429 1124 vertere.’

147 1151 296 1188 Deinde
318 1151 519 1200 Volucem,
531 1151 709 1201 quoniam
726 1150 882 1188 hostilia
898 1152 1050 1198 faceret,
1063 1150 1092 1188 J
1095 1162 1203 1187 ovem
1219 1149 1428 1187 maximum

146 1214 372 1262 obtestatus,
392 1220 435 1251 ut
455 1214 611 1251 sceleris
632 1219 746 1264 atque
766 1214 935 1263 perfidiae
955 1213 1100 1251 Bocchi
1128 1213 1239 1250 testis
1266 1213 1428 1262 adesset,

146 1290 192 1314 ex
213 1278 350 1314 castris
370 1277 475 1315 abire
499 1278 618 1326 jubet.
676 1277 778 1315 ²Ille
806 1277 1020 1326 lacrymans
1047 1288 1166 1324 orare,
1184 1277 1253 1312 ‘ne
1280 1288 1325 1312 ea
1352 1287 1429 1312 cre-

145 1340 273 1377 deret:
307 1340 405 1376 nihil
438 1340 526 1377 dolo
557 1340 711 1388 factum,
731 1352 774 1376 ac
804 1340 926 1388 magis
954 1339 1170 1376 calliditate
1209 1338 1428 1387 Jugurthae,

146 1403 244 1451 ”cui,
262 1403 444 1440 videlicet
473 1403 696 1453 speculanti,
723 1403 797 1440 iter
828 1415 937 1439 suum
967 1402 1160 1451 cognitum
1192 1407 1301 1439 esset.
1360 1401 1428 1440 Ce-

145 1469 282 1513 terum,
301 1465 481 1515 quoniam
502 1465 513 1483 ⁴
526 1477 649 1515 neque
670 1464 863 1514 ingentem
890 1464 1177 1501 multitudinem
1198 1463 1367 1511 haberet,
1387 1467 1427 1500 et

145 1541 231 1578 spes
261 1541 424 1578 opesque
456 1530 539 1577 ejus
570 1541 616 1564 ex
646 1534 754 1577 patre
786 1541 852 1564 suo
882 1527 1103 1576 penderent,
1134 1527 1288 1564 credere
1315 1525 1427 1563 illum

145 1590 243 1628 nihil
262 1590 388 1640 palam
409 1603 601 1639 ausurum,
617 1603 733 1640 quum
750 1589 829 1639 ipse
849 1590 951 1626 filius
966 1590 1077 1626 testis
1093 1590 1264 1626 adesset:
1286 1580 1427 1639 ‘'quai-e

146 1654 330 1702 optimum
347 1654 452 1690 factu
471 1653 605 1702 videri,
618 1666 684 1703 per
703 1653 830 1690 media
851 1654 933 1702 ejus
953 1657 1077 1689 castra
1095 1651 1220 1702 palam
1241 1651 1426 1689 transire:

147 1729 240 1763 sese,
259 1717 319 1754 vel
338 1716 556 1766 praemissis,
575 1716 637 1754 vel
665 1716 808 1754 ibidem
837 1716 983 1753 relictis
1012 1715 1171 1764 Mauris,
1191 1715 1312 1752 solum
1341 1727 1428 1752 cum

147 1779 256 1817 Sulla
287 1780 454 1816 iturum.’
512 1779 571 1816 Ea
600 1792 671 1827 res,
703 1779 772 1815 ⁶ut
802 1779 840 1815 in
872 1779 942 1815 tali
975 1779 1139 1828 negotio,
1168 1778 1350 1828 probata:
1383 1790 1428 1815 ao

146 1842 278 1879 statim
299 1842 473 1891 profecti,
491 1842 582 1892 quia
601 1842 647 1879 de
667 1842 871 1892 improviso
891 1843 902 1860 ⁷
919 1843 1147 1889 acciderant,
1167 1841 1283 1879 dubio
1310 1845 1427 1892 atque

146 1905 348 1942 haesitante
378 1905 588 1954 Jugurtha,
617 1905 825 1942 incolumes
854 1910 1063 1942 transeunt.
1120 1904 1269 1943 Deinde
1295 1903 1426 1954 paucis

146 1967 291 2015 diebus,
311 1980 385 2017 quo
406 1967 460 2004 ire
482 1967 737 2016 intenderant,
753 1973 976 2017 perventum
997 1973 1064 2004 est.

225 2029 381 2068 CVIII.
414 2030 477 2068 Ibi
493 2043 578 2067 cum
593 2030 744 2068 Boccho
760 2031 930 2067 Numida
944 2030 1111 2081 quidam,
1124 2029 1250 2079 Aspar
1262 2027 1426 2078 nomine,

148 2093 337 2130 ¹multum
363 2098 402 2130 et
430 2093 674 2130 familiariter
703 2094 864 2143 agebat,
894 2093 1112 2143 praemissus
1139 2092 1187 2129 ab
1216 2090 1425 2140 Jugurtha,

146 2162 347 2206 postquam
386 2155 533 2194 Sullam
573 2158 737 2194 accitum
782 2157 968 2205 audierat,
1006 2160 1144 2202 orator,
1180 2159 1220 2191 et
1265 2153 1424 2191 subdole

147 2219 384 2267 speculatum
413 2217 557 2256 Bocchi
578 2219 756 2257 consilia:
787 2225 972 2269 praeterea
1001 2218 1140 2267 Dabar,
1161 2216 1426 2266 Massugradae

146 2281 257 2330 filius,
278 2294 325 2318 ex
349 2286 462 2331 gente
493 2282 718 2331 Masinissae,
738 2289 906 2320 ceterum
935 2287 1106 2319 materno
1134 2293 1273 2330 genere
1302 2279 1425 2329 impar

148 2343 251 2391 (nam
270 2349 380 2393 pater
399 2346 482 2395 ejus
500 2357 547 2382 ex
567 2345 776 2383 concubina
795 2350 901 2383 ortus
926 2346 1037 2395 erat),
1058 2344 1194 2381 Mauro
1213 2343 1261 2381 ob
1280 2341 1424 2393 ingenii
