1612 2580
697 182 982 210 carmina.
1448 173 1496 211 51

182 290 346 330 collocat
415 289 510 329 'Ab
540 289 603 328 his
633 289 881 328 centuriones
912 301 1057 339 omnes,
1077 287 1201 327 lectos
1235 293 1276 327 et
1308 294 1489 329 evocatos

180 361 372 407 praeterea
390 367 439 393 ex
459 355 650 406 gregariis
670 354 865 393 militibus
885 355 1076 405 optimum
1093 367 1287 406 quemque
1304 359 1498 393 armatum

180 421 222 459 in
240 421 406 472 primam
426 420 549 458 aciem
570 419 765 458 subducit.
809 418 850 458 C.
871 419 1066 457 Manlium
1086 419 1127 456 in
1147 419 1322 469 dextera,
1343 419 1355 437 ⁴
1370 419 1498 457 Faesu-

179 485 312 524 lanum
332 485 542 538 quemdam
568 485 608 522 in
638 485 798 523 sinistra
824 491 935 535 parte
965 497 1100 522 curare
1126 484 1264 534 jubet:
1298 484 1380 535 ipse
1410 497 1499 523 cum

179 549 335 590 libertis
368 555 409 588 et
442 549 589 588 colonis
627 554 787 600 propter
825 549 999 600 aquilam
1037 548 1202 598 assistit,
1235 562 1353 600 quam
1391 549 1498 588 bello

181 613 378 654 Cimbrico
409 614 450 654 C.
484 614 636 652 Marius
666 615 706 652 in
740 614 918 666 exercitu
948 613 1132 652 habuisse
1165 613 1380 652 dicebatur.
1439 614 1499 652 At

180 679 254 716 ‘ex
284 679 408 717 altera
438 685 549 730 parte
581 678 622 718 C.
646 678 856 727 Antonius,
884 677 1051 728 pedibus
1083 690 1198 728 aeger,
1226 678 1332 729 quod
1359 677 1497 728 proelio

179 743 313 781 adesse
350 743 551 795 nequibat,
586 743 638 781 M.
677 743 837 781 Petreio
875 743 1006 792 legato
1037 742 1255 780 exercitum
1286 742 1494 793 permittit.

179 807 191 826 ⁸
205 806 281 846 Ille
301 807 479 846 cohortes
499 813 715 857 veteranas,
734 820 831 859 quas
859 806 1028 844 tumulti·
1054 820 1172 844 eausa
1202 807 1496 858 conscripserat,

177 872 218 910 in
237 872 390 922 fronte·;
426 878 514 924 post
540 886 606 910 eas
636 878 810 910 ceterum
843 872 1059 910 exercitum
1091 871 1131 909 in
1162 871 1350 910 subsidiis
1379 871 1492 910 locat.

179 936 296 987 'Ipse
323 950 421 989 equo
450 938 693 985 circumiens,
712 951 832 975 unum
853 950 1046 988 quemque
1077 937 1282 974 nominans
1313 936 1496 987 appellat,

172 995 369 1051 hortatur,
386 1007 511 1052 rogat,
530 1002 590 1039 uti
610 1002 861 1039 meminerint
881 1015 921 1040 se
942 1006 1078 1039 contra
1107 1001 1281 1039 latrones
1310 1001 1494 1049 inermes,

178 1076 248 1114 pro
277 1065 417 1114 patria,
444 1078 514 1115 pro
547 1065 694 1115 liberis,
721 1078 790 1115 pro
825 1066 903 1103 aris
936 1071 1054 1116 atque
1088 1065 1186 1103 focis
1220 1065 1302 1103 suis
1330 1070 1491 1103 certare.

179 1128 192 1146 ⁸
210 1129 340 1168 Homo
361 1130 556 1180 militaris,
576 1131 680 1182 quod
701 1131 869 1181 amplius
890 1144 1009 1168 annos
1030 1131 1195 1181 triginta
1215 1131 1409 1180 tribunus,
1425 1136 1495 1169 aut

177 1194 397 1244 praefectus,
428 1200 497 1232 aut
528 1195 692 1245 legatus,
724 1200 792 1233 aut
823 1200 966 1246 praetor
997 1208 1085 1232 cum
1119 1209 1260 1246 magna
1292 1195 1420 1246 gloria
1452 1195 1494 1234 in

176 1258 355 1296 exercitu
369 1259 508 1309 fuerat,
529 1259 734 1311 plerosque
756 1259 859 1310 ipsos
879 1260 1060 1310 factaque
1082 1273 1215 1297 eorum
1236 1260 1355 1298 fortia
1381 1273 1494 1299 nove-

175 1329 262 1374 rat;
293 1337 339 1362 ea
359 1325 698 1363 commemorando
715 1325 885 1362 militum
909 1325 1061 1363 animos
1081 1325 1330 1364 accendebat.

255 1387 342 1426 LX.
375 1388 454 1428 Sed
473 1389 553 1438 ubi,
574 1389 755 1427 omnibus
774 1389 892 1427 rebus
912 1389 1139 1439 exploratiS,
1161 1389 1346 1428 Petreius
1368 1391 1377 1407 ¹
1396 1389 1492 1428 tuba

174 1453 327 1504 signum
348 1453 428 1503 dat,
448 1453 627 1492 cohortes
655 1454 846 1505 paulatim
879 1454 1060 1491 incedere
1088 1454 1228 1504 jubet;
1260 1454 1363 1492 idem
1394 1454 1490 1492 facit

173 1517 346 1557 hostium
381 1518 586 1556 exereitus.
669 1518 887 1569 Postquam
930 1519 1001 1556 ²eo
1035 1523 1195 1556 ventum
1230 1523 1302 1568 est,
1335 1519 1438 1557 unde
1467 1532 1492 1557 a

173 1580 396 1620 ferentariis
414 1581 596 1632 proelium
616 1582 811 1619 committi
844 1587 988 1631 posset,
1008 1581 1180 1619 maximo
1201 1581 1371 1619 clamore
1400 1595 1490 1620 cum

173 1643 330 1684 infestis
361 1645 485 1695 signis
506 1651 743 1683 concurrunt
760 1659 767 1694 3
798 1646 880 1695 pila
900 1646 1113 1694 omittunt;
1144 1646 1290 1695 gladiis
1310 1659 1372 1684 res
1391 1647 1490 1696 geri-

173 1714 248 1748 tur.
307 1709 511 1758 Veterani,
530 1709 708 1760 pristinae
726 1709 887 1748 virtutis
918 1722 1122 1759 memores,
1141 1710 1316 1747 cominus
1348 1710 1491 1748 acriter

173 1774 343 1823 instare,
378 1773 465 1810 ”illi
497 1773 602 1811 haud
629 1773 760 1811 timidi
789 1773 1006 1822 resistunt3
1039 1774 1213 1811 maxima
1243 1774 1282 1812 vi
1303 1779 1485 1812 certatur.

174 1838 334 1877 Interea
355 1837 529 1877 Catilina
549 1851 637 1876 cum
668 1838 865 1889 expeditis
895 1838 934 1875 in
954 1838 1081 1888 prima
1102 1838 1184 1876 acie
1204 1839 1364 1889 versari,
1384 1838 1489 1877 labo-

171 1901 350 1940 rantibus
371 1914 616 1950 succurrere3
648 1901 822 1952 integros
855 1914 923 1951 pro
955 1901 1098 1939 sauciis
1129 1914 1337 1951 arcessere,
1358 1902 1488 1940 omnia

171 1966 569 2018 providerermultum
589 1967 672 2017 ipse
685 1979 869 2017 pugnare,
886 1980 986 2018 saepe
1002 1967 1154 2005 hostem
1174 1967 1312 2005 ferire:
1336 1968 1486 2006 strenui

171 2033 313 2071 militis
333 2038 373 2070 et
392 2032 486 2071 boni
506 2032 758 2083 imperatoris
775 2032 897 2070 officia
918 2033 1035 2070 simul
1056 2032 1354 2084 exsequebatur.
1414 2033 1486 2070 Pe·

171 2097 295 2136 treius
314 2097 385 2137 ubi
404 2098 514 2136 videt
545 2097 771 2148 Catilinam,
790 2098 802 2135 Ἰ
819 2103 955 2136 contra
974 2111 1018 2136 ac
1038 2103 1148 2136 ratus
1169 2103 1265 2148 erat,
1284 2111 1427 2148 magna
1447 2098 1487 2136 vi

171 2162 346 2213 tendere,
383 2162 583 2200 cohortem
621 2162 844 2212 praetoriam
882 2163 923 2200 in
961 2163 1111 2200 medios
1150 2162 1282 2200 hostes
1322 2161 1485 2212 inducit,

171 2240 314 2278 eosque
343 2227 592 2278 perturbatos
623 2232 740 2278 atque
772 2226 870 2265 alios
903 2227 999 2265 alibi
1020 2227 1250 2265 resistentes
1274 2225 1481 2276 interficit;

172 2291 315 2332 deinde
331 2292 530 2343 utrimque
551 2305 600 2329 ex
630 2291 822 2329 lateribus
842 2297 990 2330 ceteros
1011 2291 1249 2342 aggreditur.
1310 2289 1484 2328 Manlius

173 2360 214 2393 et
245 2355 475 2395 Faesulanus
518 2356 584 2394 ‘'in
614 2356 751 2406 primis
784 2362 1003 2406 pugnantes
1038 2356 1192 2393 cadunt.
1266 2354 1482 2405 Postquam

172 2420 278 2459 fusas
312 2422 452 2472 copias,
485 2435 604 2473 seque
637 2434 725 2459 cum
763 2421 896 2472 paucis
937 2421 1120 2460 relictum
1153 2419 1262 2458 videt
1298 2418 1482 2470 Catilina,
