1566 2586
2 627 11 639 „
0 525 31 611 2332&

637 220 941 247 sueunrna.
1352 209 1422 246 113

111 326 195 366 ullo
229 325 387 377 negotio
424 326 594 364 abnuere
633 325 826 364 audebat:
885 329 1060 363 ceterum
1107 323 1420 374 supplementum

112 391 255 430 *etiam
284 391 399 430 laetus
421 391 669 440 deereverat3
701 391 713 408 ⁶
727 390 820 441 quia
839 403 963 441 neque
983 389 1090 440 plebi
1109 388 1254 426 militia
1275 388 1423 426 volenti

109 456 334 506 putabatur,
354 460 394 493 et
416 455 568 493 Marius
597 460 665 492 aut
685 454 780 493 belli
800 468 913 492 usum
936 459 1004 492 aut
1024 453 1156 492 studia
1181 453 1289 502 vulgi
1310 453 1423 490 amis-

109 534 232 560 surus.
291 521 369 560 Sed
390 534 435 558 ea
454 534 517 558 res
537 521 683 558 frustra
703 526 878 570 sperata:
909 525 1020 557 tanta
1040 518 1163 556 libido
1184 531 1269 555 cum
1294 517 1421 555 Mario

110 586 226 624 eundi
260 586 466 636 plerosque
495 585 702 623 invaserat.
761 584 881 623 “Sese
910 584 1075 635 quisque
1095 583 1226 634 praeda
1255 582 1422 632 locuple-

110 655 188 688 tem
220 650 314 700 fore,
346 650 535 688 victorem
570 649 729 687 domum
770 649 1002 698 rediturum,
1035 648 1112 685 alia
1150 646 1421 696 hujuscemodi

109 714 249 752 animis
268 714 488 764 trahebant,
508 719 548 752 et
569 727 633 752 eos
663 727 740 751 non
770 713 929 764 paulum
959 713 1132 750 oratione
1162 725 1231 749 sua
1267 711 1421 749 Marius

107 783 317 816 ari-exerat.
390 778 493 816 Nam
531 783 748 829 postquam,
787 777 993 815 ⁷omnibus
1030 790 1116 827 quae
1154 775 1420 826 postulaverat

108 843 287 893 decretis,
307 843 456 880 milites
477 843 646 881 scribere
667 843 764 892 vult,
785 843 970 881 hortandi
992 856 1118 892 causa,
1140 841 1258 879 simul
1287 846 1326 878 et
1357 853 1420 877 no-

107 907 318 957 bilitatem,
349 907 410 944 uti
454 914 718 955 consueverat,
751 907 990 957 exagitandi,
1022 907 1246 944 concionem
1285 905 1420 956 populi

107 972 332 1021 advocavit3
364 972 505 1010 deinde
525 973 598 1010 hoc
619 973 733 1010 modo
755 973 948 1010 disseruit.

187 1036 402 1075 LXXXV.
434 1037 558 1076 “Seio
593 1051 674 1087 ego,
710 1037 897 1086 Quirites,
932 1037 1138 1088 plerosque
1171 1049 1248 1074 non
1279 1035 1418 1073 iisdem

106 1100 259 1139 artibus
296 1101 504 1151 imperium
544 1115 566 1138 a
604 1102 715 1139 vobis
751 1108 895 1151 petere,
937 1103 1012 1150 ¹et,
1041 1107 1247 1152 postquam
1287 1100 1420 1150 adepti

107 1171 210 1215 sunt,
241 1179 396 1216 gerere:
440 1167 565 1217 primo
600 1167 826 1215 industrios,
860 1167 1063 1217 supplices,
1098 1166 1271 1204 modicos
1311 1179 1416 1215 esse3

106 1231 198 1269 dein
218 1245 286 1282 per
306 1231 501 1282 ignaviam
523 1237 562 1269 et
582 1232 803 1282 superbiam
825 1238 983 1270 aetatem
1014 1245 1137 1282 agere.
1198 1231 1275 1270 Sed
1296 1232 1308 1249 ²
1322 1231 1420 1269 mihi

106 1301 240 1334 contra
260 1309 306 1333 ea
325 1295 506 1334 videtur:
537 1308 627 1334 nam
661 1310 737 1347 quo
766 1297 891 1347 pluris
921 1302 993 1346 est,
1022 1297 1206 1334 universa
1236 1304 1300 1333 res'
1326 1296 1420 1346 pub-

105 1359 182 1397 lica
208 1374 325 1412 quam
354 1360 578 1398 consulatus
607 1366 675 1398 aut
714 1367 896 1411 praetura,
930 1374 974 1398 eo
1013 1362 1159 1410 majore
1189 1373 1280 1398 cura
1309 1360 1419 1397 illam

106 1424 383 1474 administrari,
414 1438 531 1476 quam
561 1424 642 1462 haec
671 1425 764 1475 peti,
796 1425 947 1463 debere.
1017 1425 1183 1476 ⁸Neque
1212 1438 1274 1462 me
1303 1424 1419 1474 fallit,

104 1493 294 1539 quantum
329 1501 416 1526 cum
452 1489 622 1526 maximo
643 1495 774 1528 vestro
795 1489 982 1527 beneficio
1011 1489 1160 1539 negotii
1191 1491 1414 1526 sustineam.

105 1551 265 1590 Bellum
293 1565 430 1603 parare
459 1553 587 1601 simul,
608 1558 648 1590 et
678 1553 816 1591 aerario
845 1566 1024 1603 parcere;
1067 1566 1204 1603 cogere
1239 1553 1288 1590 ad
1318 1553 1418 1590 mili-

106 1617 202 1654 tiam
241 1629 317 1666 eos,
355 1630 452 1668 quos
491 1617 622 1654 ⁴nolis
665 1618 881 1666 offendere3
927 1617 1034 1654 domi
1076 1618 1250 1667 forisque
1289 1617 1419 1654 omnia

106 1693 264 1729 curare3
303 1685 343 1717 et
372 1693 418 1717 ea
450 1693 564 1730 agere
600 1680 702 1717 inter
733 1681 895 1729 invidos,
930 1687 1188 1730 occursantes,
1222 1681 1418 1730 factiosos,

106 1743 298 1793 opinione,
320 1742 507 1791 Quirites,
527 1743 702 1793 asperius
723 1750 790 1781 est.
851 1744 917 1781 Ad
949 1744 1020 1782 hoc
1051 1744 1119 1781 alii
1140 1745 1173 1781 si
1204 1745 1418 1795 deliquere,

105 1812 218 1845 vetus
246 1806 444 1855 nobilitas,
474 1808 667 1856 majorum
699 1808 817 1845 fortia
848 1808 965 1857 facta,
986 1814 1238 1859 cognatorum
1270 1815 1310 1846 et
1343 1809 1417 1846 affi-

105 1872 214 1909 nium
234 1884 337 1922 opes,
357 1871 492 1908 multae
513 1871 719 1921 clientelae,
740 1873 869 1910 omnia
903 1873 985 1910 haec
1016 1874 1027 1891 ⁵
1042 1874 1225 1924 praesidio
1246 1875 1389 1912 adsunt
1406 1888 1413 1912 :

104 1936 202 1974 mihi
252 1949 340 1986 spes
380 1949 512 1974 omnes
552 1936 591 1973 in
631 1942 777 1974 memet
819 1938 916 1987 sitae,
954 1951 1051 1989 quas
1089 1951 1247 1976 necesse
1287 1945 1347 1977 est
1377 1945 1417 1977 et

103 2003 251 2040 virtute
282 2007 322 2039 et
354 2001 574 2039 innocentia
603 2002 750 2052 tutari,
791 2016 882 2040 nam
914 2004 991 2042 alia
1019 2004 1172 2042 infirma
1201 2010 1300 2042 sunt.
1361 2005 1416 2043 Et

104 2066 205 2104 illud
226 2062 427 2120 intellego,
449 2066 636 2117 Quirites,
657 2067 828 2105 omnium
850 2082 916 2106 ora
937 2069 976 2106 in
1002 2082 1063 2106 me
1093 2082 1277 2107 conversa
1306 2083 1388 2107 esse
1406 2083 1413 2107 :

103 2145 234 2185 aequos
255 2131 452 2182 bonosque
482 2132 624 2175 favere,
645 2132 787 2183 quippe
818 2146 904 2171 mea
925 2133 1021 2171 bene
1051 2134 1157 2171 facta
1177 2135 1188 2152 ⁶
1204 2134 1262 2171 rei
1290 2134 1415 2184 publi-

105 2209 159 2234 cae
177 2197 391 2246 procedunt
410 2209 417 2244 3
449 2196 698 2233 nobilitatem
720 2196 847 2234 locum
868 2197 1077 2235 invadendi
1098 2211 1281 2249 quaerere.
1329 2196 1415 2242 Quo

104 2260 200 2297 mihi
219 2260 347 2298 acrius
367 2260 622 2297 adnitendum
645 2266 715 2309 est,
735 2266 781 2297 ut
799 2274 924 2312 neque
945 2263 956 2280 ⁷
973 2275 1038 2299 vos
1058 2262 1277 2312 capiamini,
1295 2267 1334 2298 et
1356 2261 1414 2298 illi

105 2324 251 2362 frustra
281 2325 368 2362 sint.
428 2325 493 2363 Ita
524 2325 572 2362 ad
605 2325 676 2362 hoc
707 2325 837 2362 aetatis
867 2339 889 2363 a
917 2327 1087 2376 pueritia
1114 2326 1185 2373 fui,
1207 2331 1251 2363 ut
1282 2339 1415 2363 omnes

106 2387 268 2436 labores,
306 2389 477 2438 pericula
515 2394 699 2426 consueta
736 2389 909 2428 habeam.
987 2390 1083 2436 Quae
1122 2390 1238 2427 “ante
1283 2396 1414 2428 vestra

105 2451 290 2491 beneficia
302 2454 475 2503 gratuito
491 2454 693 2504 faciebam,
706 2467 752 2492 ea
767 2455 836 2506 uti,
849 2461 1007 2507 accepta
1021 2455 1209 2506 mercede,
1226 2441 1414 2507 deseram,
