1586 2586
409 734 461 784 O.
515 733 735 783 CRISPI
785 731 1144 782 SALLUSTII

632 870 942 911 BELLUM

169 995 1398 1061 CATILINARIUM.

205 1270 236 1310 I.
270 1272 279 1290 ¹
298 1270 441 1311 OMNES
466 1271 654 1321 homines⁷
683 1271 751 1323 qui
781 1284 864 1309 sese
895 1271 1058 1310 student
1086 1275 1272 1322 praestare
1303 1270 1444 1309 ceteris

122 1335 371 1386 animalibus,
411 1349 562 1374 summa
611 1349 681 1386 ope
731 1336 807 1374 niti
857 1335 981 1386 decet,
1019 1349 1067 1373 ne
1121 1336 1243 1374 vitam
1285 1335 1444 1373 silentio

122 1405 337 1450 transeant,
365 1400 491 1438 veluti
533 1414 684 1451 pecora,
713 1414 800 1452 quae
839 1406 980 1438 natura
1015 1413 1136 1451 prona
1166 1405 1284 1452 atque
1314 1399 1444 1438 ventri

122 1467 347 1506 obedientia
383 1467 506 1504 finxit.
605 1466 684 1506 Sed
722 1471 857 1504 nostra
895 1467 1020 1504 omnis
1060 1466 1119 1504 vis
1156 1466 1196 1503 in
1235 1466 1364 1503 animo
1403 1470 1444 1503 et

122 1545 280 1583 corpore
313 1532 390 1570 sita
422 1537 502 1570 est:
547 1532 693 1570 ²anin1i
722 1532 898 1582 imperio,
927 1528 1099 1582 corporis
1128 1531 1289 1569 servitio
1319 1530 1443 1581 magis
1484 1537 1495 1551 f

122 1597 297 1634 utimur:
347 1596 516 1634 alterum
568 1596 681 1634 nobis
720 1609 809 1634 eum
848 1596 921 1646 dis,
964 1597 1133 1634 alterum
1172 1609 1260 1633 cum
1298 1595 1442 1633 belluis

123 1674 326 1700 commune
355 1666 423 1699 est.
495 1662 507 1679 ³
525 1661 611 1707 Quo
640 1661 738 1699 mihi
777 1661 923 1699 rectius
952 1661 1110 1699 videtur
1149 1660 1296 1711 ingenii
1326 1673 1442 1711 quam

123 1727 263 1765 virium
303 1726 442 1777 opibus
480 1727 646 1777 gloriam
686 1740 871 1778 quaerere,
913 1731 963 1775 et,
1006 1726 1190 1778 quodiam
1227 1726 1310 1764 vita
1348 1726 1442 1777 ipsa,

122 1804 199 1842 qua
239 1790 417 1840 fruimur,
457 1790 586 1828 brevis
626 1795 699 1840 est,
741 1790 968 1828 memoriam
1018 1789 1144 1828 nostri
1182 1803 1299 1841 quam
1337 1802 1442 1827 max-

123 1855 200 1893 ime
238 1855 395 1905 longam
433 1855 589 1893 efficere.
668 1855 771 1893 Nam
807 1854 1036 1893 divitiarum
1070 1859 1110 1892 et
1147 1855 1284 1893 formae
1316 1854 1441 1905 gloria

123 1920 256 1958 ⁴fluxa
284 1926 401 1971 atque
430 1920 582 1970 fragilis
611 1925 694 1970 est3
735 1920 862 1958 virtus
891 1919 997 1958 clara
1016 1925 1240 1972 aeternaque
1261 1919 1437 1958 habetur.

124 1985 203 2024 Sed
233 1985 301 2023 diu
332 1998 515 2035 magnum
546 1985 649 2022 inter
678 1984 865 2022 mortales
896 1990 1094 2022 certamen
1123 1984 1211 2035 fuit,
1245 1985 1334 2022 vine
1363 1997 1441 2023 cor-

122 2049 226 2100 poris
255 2063 305 2087 an
346 2049 494 2087 virtute
538 2049 658 2086 animi
696 2062 758 2087 res
796 2049 982 2087 militaris
1019 2049 1146 2099 magis
1183 2049 1437 2100 procederet3

122 2126 212 2151 nam
241 2118 281 2151 et
309 2113 418 2164 prius
447 2127 563 2164 quam
593 2112 767 2164 incipias,
811 2113 1027 2163 ⁶00nsulto,
1061 2117 1101 2150 et
1134 2112 1204 2150 ubi
1239 2111 1441 2149 consulue-

122 2178 188 2227 ris,
207 2171 360 2216 mature
381 2178 484 2215 facto
506 2190 600 2227 opus
621 2182 689 2215 est.
748 2178 814 2216 Ita
837 2183 1049 2230 utrumque
1078 2190 1147 2228 per
1176 2190 1216 2214 se
1246 2175 1440 2226 indigens,

122 2241 291 2281 alterum
313 2242 476 2280 alterius
496 2242 643 2280 auxilio
664 2247 762 2293 eget.

203 2305 260 2344 11.
292 2305 425 2356 Igitur
455 2305 570 2343 initio
602 2318 713 2357 reges
743 2305 849 2355 (nam
872 2306 938 2344 ¹in
959 2305 1077 2344 terris
1107 2317 1249 2342 nomen
1282 2302 1440 2354 imperii

125 2369 164 2407 id
183 2369 351 2420 primum
371 2370 464 2422 fuit)
487 2369 644 2421 diversi,
662 2383 754 2423 pars
786 2370 999 2422 ingenium,
1020 2369 1088 2408 alii
1118 2380 1256 2420 corpus
1287 2379 1440 2412 exeren—
