1566 2586
653 198 966 224 suounrna.
1420 187 1471 225 99

151 305 315 347 mtmitae
334 304 420 344 loco
440 309 509 343 aut
528 304 721 343 moenibus
742 309 865 355 erant,
877 303 1061 355 praesidia
1077 302 1244 355 imponit
1261 317 1267 341 :
1296 308 1467 343 ceterum

150 371 369 420 exercitum
402 370 442 408 in
472 370 726 421 provinciam,
746 383 834 421 quae
863 370 1041 420 proxima
1071 374 1132 407 est
1158 369 1372 418 Numidiae,
1393 369 1468 408 hie·

149 422 283 474 mandi
301 435 431 487 gratia
451 434 629 473 collocat.
689 434 829 486 Neque
850 435 890 472 id
912 441 1067 485 tempus
1087 447 1136 472 ex
1166 434 1333 478 aliorum
1363 448 1470 473 more

147 501 275 554 quieti
309 506 378 540 aut
409 501 578 539 luxuriae
610 500 812 550 concedit3
856 501 936 551 sed,
957 501 1140 552 quoniam
1171 500 1291 539 armis
1321 501 1468 540 bellum

147 581 285 619 parum
323 567 571 618 procedebat,
611 566 775 605 insidias
812 567 896 617 regi
934 580 1003 617 per
1042 566 1186 604 amicos
1220 567 1393 618 tendere,
1429 572 1470 605 et

148 644 282 670 eorum
313 632 476 683 perfidia
506 646 576 683 pro
608 632 727 670 armis
758 632 818 670 uti
850 637 971 682 parat.
1031 631 1163 682 Igitur
1193 631 1470 683 Bomilcarem,

146 697 215 748 qui
249 697 388 735 Romae
419 710 506 734 cum
539 697 744 747 {Iugurtha
773 697 916 746 fuerat,
937 698 1002 734 2et
1034 696 1137 746 inde,
1156 696 1323 735 vadibus
1353 697 1468 747 datis,

147 761 247 799 clam
268 761 316 799 de
338 761 523 800 Massivae
542 775 635 799 nece
661 762 855 812 judicium
876 762 1045 812 fugerat,
1064 762 1168 813 quod
1189 761 1226 799 ei
1251 775 1321 812 per
1348 762 1469 800 maxi-

145 839 252 865 mam
272 826 487 864 amicitiam
509 827 682 864 maxima
703 827 813 878 copia
842 827 1007 864 fallendi
1037 832 1133 876 erat,
1154 827 1291 864 multis
1319 827 1469 878 pollici-

145 890 362 928 tationibus
382 891 622 941 aggreditur.
682 892 743 929 Ac
772 891 897 942 primo
930 891 1059 941 efficit,
1079 891 1140 929 uti
1171 891 1247 929 ³ad
1279 905 1319 930 se
1352 892 1468 930 collo-

143 954 289 1005 quendi
303 955 434 1005 gratia
453 955 630 992 occultus
650 955 802 993 veniat:
826 955 916 992 dein
936 955 1011 992 fide
1029 956 1131 1006 data,
1147 957 1155 976 ‘
1172 956 1205 994 si
1222 956 1252 994 J
1255 956 1466 1006 ugurtham

145 1018 278 1056 vivum
312 1025 382 1056 aut
414 1012 596 1057 necatum
633 1020 708 1069 sibi
743 1021 984 1070 tradidisset,
1009 1021 1102 1070 fore,
1130 1026 1177 1059 ut
1209 1021 1271 1058 illi
1307 1027 1467 1060 senatus

146 1082 421 1134 impunitatem
443 1089 484 1121 et
504 1097 574 1121 sua
594 1084 724 1121 omnia
754 1085 1006 1134 concederet,’
1028 1085 1144 1122 facile
1167 1085 1204 1123 N
1208 1086 1354 1124 umidae
1381 1100 1466 1137 per-

149 1147 298 1197 suadet,
318 1161 439 1199 quum
461 1149 616 1199 ingenio
639 1148 769 1199 infido,
791 1155 873 1186 tum
904 1149 1109 1198 metuenti,
1129 1163 1189 1199 ne,
1210 1150 1243 1187 si
1271 1164 1347 1200 pax
1377 1163 1466 1188 cum

145 1210 478 1263 Romanis‘fieret,
500 1213 582 1263 ipse
611 1226 680 1263 per
712 1213 958 1251 conditiones
989 1214 1039 1251 ad
1071 1214 1307 1265 supplicium
1338 1214 1466 1253 trade-

142 1281 261 1315 retur.

225 1341 363 1380 LXII.
397 1343 406 1360 ¹
427 1342 480 1392 Is,
499 1342 568 1381 ubi
600 1343 771 1394 primum
807 1349 1068 1394 opportunum
1101 1344 1188 1394 fuit,
1219 1344 1463 1395 Jugurtham

143 1408 303 1447 anxium
324 1422 368 1447 ac
389 1409 640 1447 miserantem
663 1410 841 1448 fortunas
862 1423 953 1447 suas
973 1411 1126 1449 accedit
1144 1425 1150 1460 3
1166 1416 1316 1449 ·monet
1345 1417 1463 1463 atque

141 1473 362 1526 lacrymans
382 1475 615 1526 obtestatur,
635 1475 719 1513 ‘uti
741 1476 951 1527 aliquando
972 1476 1047 1514 sibi
1069 1477 1282 1528 liberisque
1299 1482 1339 1515 et
1353 1477 1464 1527 genti

142 1538 406 1577 Numidarum
444 1540 590 1590 optime
624 1541 792 1578 merenti
823 1542 1050 1591 provideat:
1097 1542 1277 1580 omnibus
1314 1541 1463 1592 proeliis

141 1615 225 1641 sese
244 1603 381 1653 victos,
396 1617 531 1654 agrum
548 1609 760 1653 vastatum,
775 1605 922 1642 multos
938 1605 1123 1643 mortales
1143 1612 1287 1656 captos,
1304 1607 1462 1657 occisos,

140 1667 252 1717 regni
282 1668 374 1717 opes
407 1668 668 1706 comminutas
699 1682 807 1706 esse:
844 1670 942 1706 satis
974 1682 1075 1719 saepe
1102 1671 1185 1720 jam
1206 1675 1246 1707 et
1274 1670 1462 1709 virtutem

140 1731 313 1770 militum
343 1737 383 1769 et
410 1731 607 1769 fortunam
637 1737 855 1770 tentatam:
887 1739 1034 1783 caveat,
1061 1747 1122 1783 ne,
1138 1734 1208 1772 illo
1237 1740 1461 1786 cunctante,

141 1797 330 1836 Numidae
350 1797 427 1836 sibi
448 1797 676 1835 consulant)
734 1798 812 1836 His
832 1804 950 1850 atque
978 1799 1127 1838 talibus
1156 1800 1246 1838 aliis
1275 1801 1324 1838 ad
1354 1800 1461 1839 dedi-

141 1861 288 1899 tionem
309 1861 412 1912 regis
432 1862 604 1900 animum
626 1862 803 1913 impellit.
847 1863 1067 1902 Mittuntur
1086 1865 1099 1882 ²
1113 1865 1163 1902 ad
1183 1865 1459 1916 imperatorem

138 1924 272 1976 legati,
303 1925 371 1977 qui
404 1926 673 1976 ‘Jugurtham
704 1915 895 1977 imperata
927 1929 1134 1966 facturum'
1168 1928 1358 1976 dicerent,
1389 1930 1460 1967 ‘ac

139 1990 223 2028 sine
243 1989 326 2028 ulla
345 1991 526 2041 pactione
547 2004 630 2029 sese
647 2005 886 2044 regnumque
907 2006 1020 2030 suum
1041 1993 1081 2031 in
1102 1993 1211 2032 illius
1237 1994 1354 2032 fidem
1383 2000 1459 2032 tra-

139 2054 254 2092 dere.'
318 2055 508 2093 Metellus
539 2069 700 2106 propere
732 2063 892 2094 cunctos
925 2058 1112 2096 senatorii
1144 2058 1292 2096 ordinis
1324 2072 1372 2096 ex
1403 2059 1459 2096 hi·

138 2118 270 2158 bernis
303 2120 447 2158 arcessi
474 2120 613 2170 jubet:
656 2133 789 2158 eorum
821 2126 939 2173 atque
970 2122 1148 2173 aliorum,
1170 2136 1268 2174 quos
1297 2122 1457 2160 idoneos

139 2182 322 2234 ducebat,
342 2184 550 2222 consilium
571 2184 700 2222 habet.
760 2185 826 2223 Ita
845 2186 856 2204 ³
871 2199 976 2224 more
1002 2189 1195 2238 majorum
1225 2201 1274 2225 ex
1303 2186 1457 2224 consilii

139 2247 296 2286 decreto
315 2262 384 2300 per
404 2249 556 2300 legatos
576 2251 587 2267 ⁴
603 2250 632 2288 J
635 2251 816 2301 ugurthae
846 2252 1015 2303 imperat
1046 2253 1200 2304 argenti
1231 2252 1359 2302 pondo
1389 2252 1456 2290 du-

140 2318 255 2350 centa
283 2313 420 2364 millia,
441 2315 668 2366 elephantos
700 2329 844 2367 omnes,
872 2330 1061 2369 equorum
1091 2323 1132 2355 et
1162 2330 1359 2355 armorum
1388 2317 1456 2355 ali—

139 2382 338 2428 quantum.
415 2378 512 2425 Quae
550 2386 756 2432 postquam
795 2381 878 2420 sine
917 2396 1025 2421 mora
1062 2383 1167 2420 facta
1206 2387 1308 2431 sunt,
1338 2382 1455 2432 jubet

140 2441 175 2462 “
190 2454 324 2480 omnes
342 2443 525 2495 perfugas
550 2445 702 2483 vinctos
731 2446 894 2485 adduci.’
952 2447 1100 2485 Eorum
1130 2458 1270 2496 magna
1288 2459 1389 2497 pars,
1407 2451 1454 2484 ut
