1586 2586
645 199 928 228 cannma.
1403 189 1448 227 17

127 307 231 358 egit;
263 307 276 325 ⁶
289 305 397 344 aliud
418 305 593 344 clausum
614 304 654 343 in
673 310 843 356 pectore,
863 303 972 343 aliud
993 304 1034 342 in
1053 303 1192 354 lingua
1219 309 1445 355 promptum

127 371 296 422 habere3
338 370 534 410 amicitias
566 370 872 422 inimicitiasque
903 382 980 407 non
1011 382 1060 407 ex
1079 382 1134 420 re,
1165 369 1234 407 sed
1265 382 1314 407 ex
1348 382 1447 406 com-

127 437 241 476 modo
273 436 479 486 aestimare,
501 436 703 488 magisque
738 435 892 473 vultum
923 449 1041 486 quam
1070 435 1272 486 ingenium
1301 435 1446 474 bonum

127 501 280 540 habere.
339 501 438 540 Haec
473 500 598 551 primo
628 500 820 551 paulatim
852 501 1062 561 ‘crescere3
1094 500 1294 538 interdum
1322 500 1447 539 vindi-

126 566 230 604 cari:
271 570 371 616 post,
390 565 459 603 ubi
490 564 684 615 contagio,
703 565 816 616 quasi
847 565 1086 616 pestilentia,
1118 564 1275 616 invasit,
1305 565 1446 604 civitas

126 630 359 681 immutata,
402 631 608 682 imperium
633 644 681 669 ex
709 631 930 681 justissimo
960 636 1078 683 atque
1108 631 1257 682 optimo
1287 631 1446 670 crudele

126 695 493 747 intolerandumque
514 696 673 733 factum.

206 761 280 799 XI.
314 761 392 800 Sed
426 761 550 811 primo
585 760 710 811 magis
743 761 908 800 ambitio
942 775 1059 813 quam
1094 762 1261 799 avaritia
1294 762 1446 800 animos

125 825 326 863 hominum
366 825 585 875 exercebat,
617 825 744 876 ¹quod
784 830 914 863 tamen
953 825 1094 863 vitium
1132 825 1293 876 propius
1326 826 1446 864 virtu-

126 895 205 928 tem
243 895 336 928 erat.
410 890 513 928 Nam
545 890 722 940 gloriam,
754 890 951 940 honorem,
982 891 1190 941 imperium
1225 890 1376 929 ²bonus
1405 896 1446 929 et

126 954 288 1006 ignavus
326 968 435 1006 aeque
473 955 548 992 sibi
587 960 799 1005 exoptant,
846 955 913 992 sed
952 955 1020 993 ille
1060 969 1152 994 vera
1189 956 1252 995 via
1290 956 1445 1008 nititur,

60 1061 74 1072 x
126 1018 217 1056 huic
245 1019 338 1070 quia
366 1020 476 1057 bonae
514 1025 618 1056 artes
658 1019 811 1070 desunt,
850 1019 951 1058 dolis
990 1026 1108 1072 atque
1148 1021 1320 1059 fallaciis
1358 1034 1446 1060 con-

129 1083 266 1120 tendit.
326 1083 509 1121 Avaritia
546 1084 721 1134 pecuniae
760 1084 963 1122 ”studium
1004 1085 1134 1135 habet,
1173 1100 1291 1137 quam
1329 1099 1444 1125 nemo

126 1148 281 1198 sapiens
312 1148 557 1198 concupivit:
601 1161 657 1198 ea,
682 1148 794 1199 quasi
827 1149 987 1186 venenis
1021 1149 1136 1187 malis
1173 1150 1337 1200 imbuta,
1365 1163 1446 1188 cor-

125 1225 198 1262 pus
218 1212 470 1263 animumque
491 1213 644 1250 virilem
664 1213 863 1250 effeminat
882 1227 888 1263 3
921 1226 1072 1264 semper
1102 1214 1266 1264 infinita,
1287 1214 1444 1252 insatia-

124 1276 216 1314 bilis
237 1282 307 1326 est,
326 1290 451 1327 neque
473 1277 584 1326 copia
599 1290 723 1328 neque
746 1277 874 1327 inopia
895 1270 1095 1316 minuitur.
1137 1278 1215 1317 Sed
1235 1285 1443 1331 postquam

124 1340 167 1379 L.
209 1340 331 1390 Sulla,
365 1342 510 1379 ⁴armis
547 1348 704 1392 recepta
742 1355 783 1380 re
809 1342 978 1393 publica,
1003 1343 1116 1382 bonis
1154 1343 1282 1392 initiis
1318 1344 1443 1384 malos

124 1412 287 1444 eventus
326 1406 476 1456 habuit,
515 1407 677 1457 ⁵rapere
716 1420 861 1458 omnes,
900 1408 1081 1459 trahere;
1132 1409 1291 1448 domum
1329 1410 1464 1461 alius,‘

123 1471 225 1509 alius
246 1484 360 1521 agros
381 1484 532 1521 cupere,
553 1483 678 1523 neque
699 1472 857 1510 modum
874 1486 999 1524 neque
1020 1473 1252 1512 modestiam
1273 1474 1442 1513 victores

122 1535 277 1583 habere,
298 1536 400 1574 foeda
420 1536 670 1588 crudeliaque
701 1537 739 1574 in
769 1537 920 1575 civibus
949 1538 1123 1576 facinora
1150 1538 1288 1576 facere.
1350 1539 1441 1578 Huc

122 1601 344 1650 accedebat,
364 1602 467 1652 quod
492 1602 534 1639 L.
559 1602 671 1640 Sulla
691 1602 946 1652 ⁶exercitum,
966 1616 1082 1654 quem
1111 1602 1152 1641 in
1182 1603 1281 1642 Asia
1310 1604 1442 1642 ducta-

122 1671 243 1714 verat,
262 1679 338 1716 quo
359 1665 434 1703 sibi
455 1666 574 1703 fidum
595 1667 752 1715 faceret,
773 1673 907 1703 contra
933 1680 1080 1704 morem
1110 1669 1302 1717 maj0rum
1332 1667 1443 1706 luxu·

123 1731 224 1768 riose
242 1730 434 1781 nimisque
455 1731 672 1768 liberaliter
693 1731 884 1768 habuerat
901 1745 907 1768 :
931 1731 1015 1770 loca
1032 1745 1193 1782 amoena,
1209 1733 1442 1786 voluptaria,

124 1794 238 1832 facile
275 1795 313 1831 in
352 1795 432 1832 otio
471 1795 620 1832 feroces
658 1795 830 1832 militum
870 1796 1019 1833 animos
1057 1795 1216 1834 mollive
1358 1789 1442 1836 'Ibi

123 1860 293 1911 primum
315 1861 324 1877 '¹
342 1860 514 1897 insuevit
543 1860 738 1898 exercitus
766 1860 900 1911 populi
930 1860 1101 1899 Romani
1130 1801 1441 1913 amaiffiotare,

124 1926 246 1976 signa,
277 1926 432 1965 tabulas
464 1926 601 1977 pictas,
627 1939 720 1964 vasa
753 1927 892 1965 caelata
925 1926 1073 1978 mirari,
1102 1940 1147 1965 ea
1180 1928 1365 1979 privatim
1401 1934 1442 1966 et

122 1990 278 2042 publice
313 2003 460 2041 rapere,
491 1991 655 2030 delubra
688 1991 866 2042 spoliare,
898 2005 1007 2030 sacra
1039 1993 1280 2044 profanaque
1310 1993 1441 2031 omnia

98 2055 307 2106 ,polluere
378 2055 509 2106 Igitur
547 2055 587 2092 hi
624 2055 783 2106 milites,
815 2062 1021 2108 postquam
1059 2057 1264 2095 victoriam
1305 2057 1440 2108 adepti

122 2126 227 2170 sunt,
256 2121 382 2158 ‘'nihil
411 2121 554 2172 reliqui
591 2121 707 2175 victis
745 2121 881 2160 fecere.
940 2121 1120 2173 ⁹Quippe
1158 2122 1340 2160 secundae
1377 2135 1440 2160 res

122 2186 358 2237 sapientium
398 2187 547 2224 animos
586 2180 780 2237 fatigant-3
822 2201 871 2226 ne
909 2188 982 2239 illi,
1019 2188 1215 2239 corruptis
1252 2187 1439 2238 moribus,

122 2248 296 2290 vit-‘toriae
317 2257 588 2302 temperarent.
873 2242 886 2253 ’

203 2315 303 2354 ΧΠ.
337 2316 553 2367 Postquam
593 2315 742 2354 d'vitiae
777 2316 936 2354 ‘honori
977 2330 1060 2359 esse
1099 2329 1259 2367 coepere,
1293 2321 1334 2355 et
1373 2329 1438 2356 eas

123 2379 259 2437 glqria,
296 2381 516 2431 imperium,
550 2381 727 2430 potentia
765 2381 1014 2432 sequebatur,
1049 2378 1258 2420 hebescere
1298 2383 1438 2434 virtus,

84 2486 87 2488 ,
122 2435 332 2496 paupertas
350 2446 492 2496 probro
522 2445 670 2497 haberi,
690 2445 913 2485 innocentia
940 2460 1010 2499 pro
1039 2445 1317 2486 malevolentia
1346 2448 1437 2486 duci
