1566 2586
655 221 962 248 Juoun'rns.
1245 244 1257 251 ,
1416 211 1464 248 91

150 322 287 375 utere,
320 324 425 377 quod
456 324 678 376 proximum
715 325 847 364 hostes
886 330 982 375 erat,
1015 324 1239 376 triplicibus
1278 324 1467 363 subsidiis

143 387 274 437 ‘aciem
295 388 508 437 instruxit3
540 390 552 407 ⁷
566 389 670 427 inter
690 388 909 439 manipulos
928 388 1151 426 funditores
1170 392 1210 425 et
1238 387 1466 437 sagittarios

122 444 132 456 ⁸
152 451 347 502 dispertit,
367 453 587 504 equitatum
608 466 760 491 omnem
781 453 822 490 in
842 453 1024 491 cornibus
1044 452 1159 502 locat,
1179 465 1223 489 ac
1242 464 1366 502 pauca
1396 465 1465 502 pro

151 519 326 566 tempore
355 517 502 554 milites
533 517 724 567 hortatus,
744 517 880 568 aciem,
908 517 1025 554 sicuti
1057 517 1312 566 instruxerat,
1341 521 1465 554 trans-

100 610 106 615 ..
149 578 273 618 'versis
291 581 503 632 principiis,
523 581 563 619 in
583 581 742 632 planum
763 582 942 633 deducit.-

231 644 274 682 L.
307 645 386 684 Sed
406 645 474 683 ubi
500 645 695 683 Numidas
723 646 888 697 quietos,
908 658 1034 696 neque
1063 644 1162 683 colle
1192 643 1354 695 degredi
1382 644 1464 681 ani-

148 708 374 759 madvertit,
393 710 543 748 veritus
564 723 612 747 ex
633 710 724 747 anni
745 715 918 760 tempore
940 714 980 747 et
996 709 1127 759 inopia
1147 722 1270 760 aquae,
1292 709 1301 726 ¹
1317 721 1366 745 ne
1395 707 1463 745 siti

149 773 403 810 conficeretur
441 773 649 823 exercitus,
687 773 886 812 Rutilium
926 773 1100 823 legatum
1139 786 1226 810 cum
1268 771 1463 823 expeditis

149 836 377 874 cohortibus
397 842 437 875 et
456 843 567 887 parte
588 838 764 889 equitum
784 837 974 888 praemisit
994 837 1043 874 ad
1071 837 1226 886 flumen,
1245 836 1306 874 uti
1334 836 1462 874 locum

147 901 286 938 castris
324 907 598 952 antecaperet,
641 902 871 939 existimans
903 902 1034 939 hostes
1065 901 1200 939 crebro
1232 901 1382 951 impetu
1421 905 1462 938 et

147 965 378 1004 transversis
393 966 540 1017 proeliis
560 967 636 1004 iter
656 980 769 1004 suum
789 972 1062 1015 remoraturos,
1076 971 1127 1016 et,
1139 965 1323 1018 quoniam
1340 965 1460 1003 armis

147 1029 377 1080 diffiderent,
390 1031 660 1069 lassitudinem
678 1038 717 1069 et
734 1032 840 1069 sitim
857 1031 1027 1070 militum
1045 1037 1274 1069 tentaturos.
1307 1030 1460 1068 Deinde

146 1093 160 1111 ²
173 1093 255 1143 ipse
275 1107 344 1143 pro
364 1107 405 1131 re
426 1099 543 1146 atque
563 1095 660 1144 loco,
680 1095 797 1132 sicuti
818 1100 949 1132 monte
979 1094 1246 1143 descenderat,
1266 1093 1458 1144 paulatim

117 1154 119 1156 ’
144 1157 378 1208 procedere:
410 1158 581 1196 Marium
601 1164 688 1209 post
708 1158 901 1208 principia
920 1158 1087 1195 habere:
1118 1158 1200 1208 ipse
1230 1170 1318 1194 cum
1347 1156 1460 1195 sinis-

145 1227 217 1259 trae
236 1221 309 1259 alae
328 1222 527 1272 equitibus
548 1235 643 1272 esse,
662 1223 730 1273 qui
751 1222 790 1259 in
811 1222 964 1272 agmine
995 1221 1188 1272 principes
1209 1221 1304 1258 facti
1333 1225 1456 1259 erant.

144 1285 203 1323 At
233 1285 447 1336 Jugurtha,
468 1286 536 1324 ubi
558 1287 803 1324 ³extremum
835 1299 975 1336 agmen
1008 1286 1164 1324 Metelli
1194 1286 1339 1336 primos
1368 1299 1456 1324 suos

142 1354 460 1399 praetergressum
477 1350 596 1399 videt,
617 1350 797 1400 praesidio
818 1350 930 1401 quasi
951 1350 1070 1387 duum
1088 1350 1258 1387 millium
1277 1350 1456 1400 peditum

113 1427 123 1438 ·
141 1419 313 1451 montem
334 1420 510 1465 occupat,
530 1428 607 1466 qua
629 1414 817 1452 Metellus
837 1414 1104 1464 descenderat,
1123 1427 1172 1452 ne
1193 1415 1294 1452 forte
1321 1414 1456 1452 ceden-

142 1477 248 1515 tibus
269 1477 504 1515 adversariis
533 1478 707 1528 receptui
736 1491 780 1516 ac
808 1483 896 1529 post
927 1478 1171 1516 munimento
1201 1479 1327 1528 foret;
1363 1478 1455 1516 dein

140 1546 313 1592 repente,
333 1542 443 1592 signo
465 1542 568 1592 dato,
588 1542 720 1580 hostes
748 1543 909 1580 invadit.
969 1542 1166 1591 Numidae,
1186 1543 1255 1580 alii
1284 1543 1455 1593 ‘postre-

141 1619 224 1644 mos
262 1607 422 1656 caedere,
455 1621 545 1657 pars
579 1621 602 1644 a
634 1608 794 1645 sinistra
831 1621 874 1645 ac
908 1608 1072 1645 dextera
1109 1613 1274 1657 tentare,
1307 1607 1452 1645 infensi

142 1671 277 1708 adesse
310 1677 428 1722 atque
464 1671 620 1721 instare,
655 1672 834 1710 omnibus
866 1672 962 1709 locis
996 1672 1263 1710 Romanorum
1297 1672 1454 1710 ordines

141 1735 397 1783 conturbare,
442 1748 606 1785 quorum
646 1735 765 1772 etiam
799 1735 867 1787 qui
899 1736 1136 1774 firmioribus
1168 1736 1309 1774 animis
1348 1736 1453 1775 obvii

141 1797 318 1835 hostibus
339 1798 503 1847 fuerant,
520 1798 709 1836 ludificati
731 1799 878 1837 incerto
898 1800 1047 1849 proelio,
1067 1800 1141 1850 ipsi
1163 1801 1276 1838 modo
1298 1801 1451 1839 eminus

141 1861 427 1907 sauciabantur,
446 1875 570 1913 neque
591 1869 726 1900 contra
746 1863 918 1901 feriundi
947 1869 1015 1901 aut
1035 1865 1264 1902 conserendi
1293 1878 1451 1902 manum

140 1925 250 1974 copia
271 1931 363 1962 erat.
405 1927 513 1963 Ante
531 1928 611 1976 jam
631 1927 736 1964 docti
753 1928 801 1965 ab
818 1927 847 1965 J
851 1927 1020 1978 ugurtha
1036 1929 1200 1979 equites,
1213 1929 1451 1980 ubicumque

141 1989 405 2028 Romanorum
436 1996 565 2028 turma
596 1992 748 2044 insequi
779 1998 958 2043 coeperat,
977 2007 1055 2031 non
1085 1994 1304 2043 confertim,
1324 2007 1450 2046 neque

139 2054 179 2091 in
217 2067 336 2092 unum
375 2067 459 2092 sese
498 2055 749 2106 recipiebant,
771 2057 845 2096 ,sed
878 2057 980 2095 alius
1015 2058 1092 2096 alio
1126 2072 1243 2110 quam
1279 2059 1450 2097 maxime

138 2117 292 2155 diversi.
363 2118 428 2156 Ita
460 2119 644 2156 ⁶numero
673 2120 832 2170 priores,
862 2121 895 2158 si
929 2122 977 2160 ab
1015 2123 1284 2174 persequendo
1318 2110 1449 2161 hostes

139 2181 335 2220 deterrere
356 2183 624 2233 nequiverant,
646 2183 830 2232 disjectos
850 2185 898 2223 ab
918 2190 1028 2236 tergo
1059 2192 1128 2223 aut
1158 2186 1349 2224 lateribus
1379 2187 1450 2224 cir-

138 2247 458 2284 cumveniebant:
501 2248 559 2284 sin
594 2248 847 2297 opportunior
878 2249 982 2300 fugae
1017 2250 1128 2288 collis
1166 2263 1283 2300 quam
1322 2250 1448 2300 campi

139 2309 278 2359 fuerat,
297 2324 342 2348 ea
362 2325 452 2348 vero
476 2312 652 2348 consueti
685 2311 946 2352 Numidarum
979 2315 1069 2365 equi
1098 2314 1213 2351 facile
1243 2314 1345 2351 iuter
1372 2314 1447 2352 vir-

138 2373 249 2422 gulta
286 2376 470 2425 evadere;
510 2381 663 2413 nostros
702 2376 891 2426 asperitas
929 2383 969 2415 et
1011 2378 1218 2415 insolentia
1250 2377 1326 2415 loci
1357 2378 1447 2416 reti-

137 2436 265 2476 rebat.
