1566 2586
158 183 229 220 128
500 195 543 218 c.
592 192 771 219 cR1sr1
817 193 1096 218 SALLus'ru

152 295 334 344 sanguine
354 295 517 332 oblitum
545 294 755 343 ostendere,
775 307 886 344 quem
920 294 960 331 in
989 307 1127 344 pugna,
1146 293 1240 332 satis
1269 293 1431 344 impigre

152 359 274 396 occiso
305 359 433 407 pedite
464 362 605 406 nostro,
625 363 900 395 cruentaverat.
958 357 1094 402 ‘’Quod
1116 357 1183 395 ubi
1213 357 1356 395 milites
1375 369 1432 394 ac-

152 434 295 471 cepere,
314 422 436 470 magis
455 421 658 457 atrocitate
689 420 744 457 rei
764 433 877 470 quam
908 420 981 457 fide
1010 420 1135 456 nuntii
1163 425 1366 467 terrentur,
1385 419 1432 456 si·

151 483 307 533 mulque
338 483 491 521 barbari
523 484 669 519 animos
701 482 848 529 tollere,
874 488 913 519 et
945 482 984 518 in
1014 482 1206 531 perculsos
1237 482 1432 519 Romanos

153 547 276 584 acrius
296 547 483 583 incedere.
542 546 709 596 Jamque
738 546 750 563 ⁶
763 545 920 594 paulum
948 545 996 582 ab
1016 545 1107 594 fuga
1125 545 1295 593 aberant,
1313 557 1431 594 quum

154 609 271 658 Sulla,
291 609 502 659 profligatis
522 609 581 656 iis,
601 621 694 658 quos
715 608 917 645 adversum
937 607 1045 654 ierat,
1065 607 1216 644 rediens
1244 606 1292 644 ab
1310 606 1432 643 latere

155 673 301 709 Mauris
321 672 491 709 incurrit.
549 671 724 708 Bocchus
743 670 876 707 statim
896 670 1091 707 avertitur.
1148 669 1205 706 At
1225 668 1434 718 Jugurtha,

155 735 243 772 dum
274 740 490 771 sustentare
521 746 608 771 suos
637 739 675 770 et
705 746 821 783 prope
848 734 929 782 jam
957 732 1133 781 adeptam
1153 731 1352 769 victoriam
1379 742 1437 767 re-

157 798 275 834 tinere
306 798 421 847 cupit,
455 797 736 834 circumventus
767 796 840 833 ⁷ab
871 795 1076 846 equitibus,
1104 795 1250 842 dextra,
1279 794 1436 831 sinistra

156 861 330 898 omnibus
350 861 495 908 occisis,
516 860 619 896 solus
647 860 749 896 inter
777 859 854 896 tela
873 858 1040 895 hostium
1061 857 1294 896 vitabundus
1314 869 1435 893 erum-

157 923 219 972 pit.
284 923 415 972 Atque
452 922 606 958 interim
653 921 811 970 Marius,
849 920 994 969 fugatis
1030 919 1235 970 equitibus,
1271 918 1437 955 accurrit

156 984 325 1020 ‘auxilio
358 984 447 1031 suis,
477 996 572 1033 qnos
600 983 692 1031 pelli
719 984 799 1031 jam
829 986 1036 1031 acceperat.
1104 980 1277 1030 Denique
1307 980 1438 1016 hostes

155 1049 230 1094 jam
256 1046 423 1095 undique
443 1045 528 1082 fusi.
587 1045 685 1081 Tum
717 1043 975 1093 spectaculum
1007 1042 1191 1080 horribile
1222 1042 1261 1078 in
1294 1041 1439 1090 campis

156 1109 401 1158 patentibus:
432 1108 551 1158 sequi,
570 1107 714 1156 fugere,
736 1106 869 1154 occidi,
889 1106 972 1155 capi
989 1119 995 1154 3
1029 1106 1116 1155 equi
1136 1110 1251 1155 atque
1269 1104 1343 1142 viri
1362 1105 1374 1122 ⁰
1387 1103 1439 1140 af-

155 1172 259 1219 flicti,
273 1184 315 1208 ac
335 1171 459 1219 multi,
473 1170 694 1207 vulneribus
714 1169 891 1218 acceptis,
903 1181 1025 1218 neque
1038 1169 1168 1217 fugere
1185 1178 1305 1216 posse,
1316 1177 1439 1228 neque

157 1235 324 1285 quietem
354 1235 457 1283 pati,
498 1233 571 1270 niti
601 1233 725 1280 modo,
755 1245 798 1269 ac
829 1232 960 1269 statim
991 1231 1208 1268 concidere:
1248 1233 1440 1278 postremo

158 1297 296 1345 omnia,
315 1310 390 1347 qua
410 1297 514 1333 visus
533 1301 626 1344 erat,
646 1300 838 1332 constrata
858 1294 958 1343 telis,
977 1294 1101 1342 armis,
1120 1291 1381 1340 cadaveribus,
1401 1295 1442 1327 et

158 1359 259 1396 inter
279 1372 324 1395 ea
344 1359 483 1395 humus
503 1358 645 1394 infecta
666 1357 857 1406 sanguine.

238 1421 328 1459 CII.
362 1423 368 1438 ¹
386 1421 527 1458 Postea
547 1420 620 1457 loci
641 1419 782 1467 consul,
802 1418 903 1455 haud
924 1417 1038 1455 dubie
1063 1418 1143 1466 jam
1162 1416 1295 1463 victor,
1313 1427 1442 1464 perve-

159 1485 217 1521 nit
237 1485 275 1520 in
296 1484 475 1533 oppidum
498 1482 656 1530 Cirtam,
671 1495 746 1532 quo
762 1481 873 1518 initio
889 1481 1081 1530 profectus
1096 1478 1324 1516 intenderat.
1382 1476 1440 1514 Eo

160 1549 270 1597 'post
299 1547 400 1584 diem
429 1547 617 1596 quintum,
636 1557 750 1595 quam
782 1544 918 1580 iterum
947 1541 1101 1580 barbari
1130 1541 1228 1578 male
1255 1552 1443 1590 pugnave-

161 1615 258 1659 rant,
279 1609 396 1659 legati
416 1623 437 1646 a
466 1608 618 1646 Boccho
636 1607 805 1654 veniunt,
824 1606 889 1656 qui
909 1605 1010 1654 regis
1028 1604 1154 1642 verbis
1174 1603 1221 1642 ab
1241 1603 1366 1640 Mario
1384 1615 1452 1652 pe-

161 1673 293 1720 tivere,
312 1676 320 1692 ⁴
338 1673 432 1709 duos
451 1685 564 1721 quam
585 1670 787 1707 fidissimos
804 1669 852 1705 ad
873 1681 958 1704 eum
975 1667 1170 1704 mitteret:
1200 1665 1297 1703 velle
1317 1665 1365 1702 de
1376 1676 1445 1702 suo

162 1741 201 1772 et
217 1736 263 1772 de
276 1735 407 1784 populi
421 1734 585 1771 Romani
602 1732 797 1770 commodo
813 1744 897 1767 eum
914 1731 962 1767 iis
975 1730 1181 1766 disserere)
1222 1727 1296 1765 Ille
1311 1727 1445 1765 statim

164 1799 206 1835 L.
249 1798 394 1835 Sullam
434 1802 472 1833 et
502 1797 550 1833 A.
587 1795 776 1832 Manlium
811 1794 865 1830 ire
899 1793 1020 1841 jubet.
1077 1793 1089 1809 ³
1104 1791 1180 1836 Qui
1215 1802 1444 1841 quamquam

164 1861 277 1898 acciti
311 1861 429 1908 ibant,
463 1865 589 1896 tamen
622 1858 766 1908 placuit
793 1857 909 1895 verba
937 1856 1036 1906 apud
1065 1867 1192 1904 regem
1223 1854 1358 1902 facere,
1386 1853 1446 1890 uti

165 1924 359 1973 ingenium
390 1928 457 1960 aut
487 1934 660 1959 aversum
687 1921 896 1968 flecterent,
915 1924 983 1956 aut
1010 1918 1188 1967 cupidum
1215 1915 1319 1966 pacis
1336 1914 1446 1953 vehe-

165 1987 332 2024 mentius
365 1986 626 2023 accenderent.
683 1984 821 2034 Itaque
855 1982 973 2030 Sulla,
1003 1983 1112 2030 cujus
1141 1978 1340 2027 facundiae,
1368 1990 1445 2015 non

166 2049 285 2095 aetati,
298 2062 319 2086 a
333 2048 479 2086 Manlio
494 2059 724 2095 concessum,
735 2058 855 2096 pauca
869 2045 984 2083 verba
996 2041 1257 2092 hujuscemodi
1273 2040 1444 2079 locutus:

245 2113 263 2132 “
282 2111 367 2148 Rex
388 2110 550 2158 Bocche,
569 2122 707 2158 magna
724 2109 835 2147 nobis
862 2107 1000 2145 laetitia
1019 2109 1088 2152 est,
1107 2116 1224 2154 quum
1243 2103 1256 2120 ⁴
1269 2107 1308 2139 te
1329 2101 1446 2138 talem

170 2176 292 2214 virum
331 2173 370 2211 di
408 2185 598 2221 monuere,
634 2173 693 2209 uti
738 2170 944 2221 aliquando
979 2180 1109 2218 pacem
1145 2178 1259 2216 quam
1303 2164 1448 2202 bellum

169 2239 324 2286 malles3
354 2250 429 2275 neu
456 2241 494 2273 te
523 2237 708 2285 optimum
738 2248 823 2272 cum
854 2233 1016 2284 pessimo
1047 2230 1217 2268 omnium
1250 2227 1449 2277 Jugurtha

170 2301 364 2339 miscendo
383 2298 698 2347 commaculares;
729 2297 844 2335 simul
870 2295 979 2334 nobis
999 2294 1171 2331 demeres
1194 2291 1367 2328 acerbam
1387 2301 1449 2328 ne-

172 2365 454 2413 cessitudinem,
473 2363 615 2414 pariter
635 2367 673 2399 te
695 2363 706 2379 ⁵
720 2366 908 2399 errantem
928 2364 967 2396 et
986 2358 1094 2395 illum
1116 2354 1449 2394 sceleratissimum
