1572 2592
82 209 167 244 ‘48
467 219 509 243 c.
559 217 741 243 CRISPI
787 218 1066 244 SALLUSTM

118 319 344 370 supplicium
376 320 606 369 postulabat,
636 333 769 369 parare
796 320 930 368 jubet:
971 320 1063 369 ipsc,
1095 319 1284 369 praesidiis
1323 320 1398 358 dis-

115 383 262 432 positis,
295 383 502 420 Lentulum
538 383 577 418 in
613 395 802 419 carcerem
834 383 1013 430 deducit3
1058 383 1157 420 idem
1189 383 1232 419 fit
1260 383 1398 421 ceteris

115 459 182 496 per
201 453 389 495 praetores.
450 446 522 482 Est
542 446 578 481 in
609 459 758 482 carcere
790 445 906 494 locus,
927 445 1052 495 ²quod
1086 445 1308 482 Tullianum
1338 459 1397 495 ap-

114 508 292 557 pellatur,
311 508 375 544 ubi
397 507 595 556 paululum
617 507 857 543 descenderis
886 507 934 543 ad
962 507 1108 555 laevam,
1128 508 1280 544 circiter
1308 507 1396 544 duo-

115 571 238 608 decim
276 571 392 620 pedes
430 571 535 607 humi
575 571 782 619 depressus.
860 570 959 607 Eum
1004 571 1183 607 muniunt
1227 571 1396 621 undique

86 646 89 649 ·
113 633 289 682 parietes,
310 638 424 682 atque
446 633 599 680 insuper
628 633 802 668 ³camera
831 632 993 681 lapideis
1021 632 1231 670 fornicibus
1258 633 1396 681 vincta,

113 697 180 733 sed
202 696 360 744 incultu,
381 696 560 743 tenebris,
579 696 693 732 odore
717 696 816 732 foeda
837 701 951 746 atque
972 695 1157 733 terribilis
1177 697 1261 744 ejus
1279 696 1396 732 facies

113 764 179 795 est.
256 759 303 795 In
341 771 427 795 euin
474 759 596 795 locum
635 764 835 808 postquam
875 759 1062 795 demissus
1099 764 1158 795 est
1196 758 1396 807 Lentulus,

113 823 124 840 ⁴
139 822 309 858 vindices
329 835 454 859 rerum
477 822 709 870 capitalium,
729 822 868 872 quibus
888 827 1118 871 praeceptum
1146 827 1239 870 erat,
1258 822 1395 872 laqueo

111 885 241 934 gulam
263 885 420 933 fregere.
480 884 543 921 Ita
561 884 625 921 ille
645 884 839 933 patricius,
860 898 906 920 ex
933 884 1144 921 clarissima
1171 889 1284 933 gente
1306 883 1395 922 Cor-

111 947 311 995 neliorum,
330 947 396 997 qui
417 947 614 984 consulare
636 947 833 996 imperium
858 947 992 984 Romae
1020 947 1216 991 habuerat,
1237 947 1394 995 dignum

110 1009 280 1046 moribus
298 1009 485 1058 factisque
506 1010 584 1046 suis
604 1010 763 1046 exitium
784 1009 875 1046 vitae
901 1010 1055 1046 invenit.
1114 1010 1125 1026 '⁵
1140 1009 1196 1046 De
1213 1009 1395 1058 Cethego,

111 1071 279 1119 Statilio,
296 1071 471 1119 Gabinio,
490 1071 808 1121 Coepario,eodem
825 1072 936 1109 modo
953 1072 1180 1121 supplicium
1201 1075 1394 1121 sumptum

109 1138 178 1171 est.

189 1195 299 1232 LVI.
333 1195 431 1232 Dum
466 1209 509 1232 ea
529 1195 664 1233 Romae
690 1200 887 1245 geruntur,
910 1195 1078 1233 Catilina
1107 1196 1177 1232 'ex
1205 1195 1308 1232 omni
1337 1207 1379 1231 co

109 1259 183 1308 pia,
216 1272 329 1308 quam
362 1263 400 1295 et
434 1259 512 1307 ipso
546 1259 770 1306 adduxerat,
801 1264 840 1294 et
871 1257 1041 1294 Manlius
1071 1257 1267 1305 habuerat,
1298 1257 1392 1294 duas

109 1321 278 1370 legiones
299 1321 493 1368 instituit3
525 1321 698 1357 cohortes
724 1333 790 1369 pro
818 1333 976 1357 numero
1005 1320 1173 1356 militum
1202 1319 1389 1368 complet:

109 1383 260 1432 deinde,
279 1388 322 1420 ut
341 1384 503 1433 quisque
522 1383 761 1419 voluntarius
781 1388 848 1419 aut
867 1395 914 1419 ex
935 1382 1047 1419 sociis
1067 1382 1104 1418 in
1131 1386 1258 1419 castra
1283 1394 1392 1418 vene-

107 1451 178 1485 rat.
197 1446 397 1496 aequaliter
417 1446 678 1494 distribuerat,
698 1458 741 1482 ac
761 1445 867 1483 brevi
887 1445 1010 1495 spatio
1038 1445 1207 1494 legiones
1234 1457 1391 1482 numero

107 1509 303 1546 hominum
325 1509 554 1558 expleverat,
570 1522 685 1559 quum
707 1509 818 1545 initio
838 1522 911 1546 non
932 1508 1096 1558 amplius
1116 1508 1263 1546 duobus
1279 1507 1391 1544 milli-

107 1573 178 1610 bus
198 1574 404 1610 habuisset.
463 1573 539 1611 Sed
559 1587 606 1609 ex
626 1573 729 1609 omni
749 1574 856 1622 copia
876 1573 1028 1609 circiter
1047 1584 1134 1621 pars
1153 1575 1290 1622 quarta
1309 1575 1390 1608 erat

106 1636 341 1673 militaribus
379 1636 496 1673 armis
533 1636 768 1683 ²instructa;
813 1635 942 1682 ceteri,
974 1639 1019 1671 ut
1055 1646 1244 1685 quemque
1281 1645 1391 1671 casus

106 1704 331 1747 armaverat,
352 1712 480 1748 sparos
509 1704 577 1735 aut
606 1698 768 1746 lanceas,
788 1697 854 1734 alii
883 1702 1095 1747 praeacutas
1125 1697 1239 1734 sudes
1267 1701 1391 1746 porta-

105 1763 208 1800 bant.
266 1763 342 1801 Sed
362 1775 428 1812 pos
526 1775 562 1799 m
584 1762 805 1800 ”Antonius
833 1774 918 1798 cum
948 1760 1119 1798 exercitu
1147 1759 1394 1808 adventabat,

107 1825 277 1863 Catilina
296 1838 362 1874 per
382 1838 444 1861 mo
472 1830 532 1861 tes
563 1825 636 1861 iter
666 1825 802 1872 facere,
822 1824 934 1861 modo
966 1823 1014 1860 ad
1043 1823 1189 1871 urbem,
1208 1822 1320 1860 modo
1349 1821 1388 1859 in

106 1887 273 1926 Galliam
311 1900 443 1925 versus
476 1893 601 1924 castra
634 1900 796 1935 movere,
826 1887 1002 1924 hostibus
1032 1885 1266 1923 occasionem
1297 1897 1375 1935 pug

103 1951 220 1988 nandi
249 1963 323 1988 non
355 1951 469 1987 dare:
510 1950 690 1999 sperabat
718 1949 937 1999 propediem
967 1962 1124 1998 magnas
1153 1948 1279 1998 copias
1304 1959 1386 1984 sese

105 2014 338 2063 habiturum,
366 2014 398 2051 si
433 2014 566 2051 Romae
600 2014 692 2050 socii
726 2014 877 2062 incepta
909 2013 1172 2063 patravissent.
1230 2010 1386 2048 Interea

106 2079 115 2096 ⁴
130 2078 287 2115 servitia
306 2077 545 2126 repudiabat,
565 2078 673 2125 cujus
694 2076 804 2113 initio
825 2077 872 2113 ad
893 2089 978 2113 eum
999 2087 1147 2124 magnae
1164 2073 1283 2122 copiae
1301 2085 1385 2109 con—

104 2141 318 2189 currebant,
338 2141 472 2190 opibus
493 2140 768 2189 conjurationis
788 2141 920 2189 fretus,
940 2138 1055 2176 simul
1083 2138 1096 2156 ³
1109 2137 1276 2175 alienum
1305 2135 1384 2174 suis

103 2204 316 2241 rationibus
335 2203 570 2251 existimans,
589 2203 712 2240 videri
732 2215 883 2240 causam
904 2202 1042 2239 civium
1069 2213 1154 2238 cum
1183 2199 1302 2238 servis
1329 2199 1384 2236 fu-

102 2266 235 2315 gitivis
251 2265 596 2303 communicavisse.

183 2329 255 2366 LV
263 2329 315 2366 II¹
349 2328 424 2367 Sed
440 2334 643 2378 postquam
665 2327 704 2364 in
719 2333 843 2365 castra
866 2329 875 2346 ¹
888 2327 1045 2364 nuntius
1061 2325 1234 2376 pervenit
1248 2324 1384 2364 Romae

103 2392 404 2440 conjurationem
424 2391 668 2442 patefactam,
688 2390 734 2427 de
765 2390 942 2440 Lentulo,
962 2394 1001 2427 et
1030 2389 1212 2439 Cethego,
1231 2389 1382 2455 centeriu-
