1566 2586
161 168 232 205 134
505 181 547 205 c.
597 180 775 206 ciusm
823 179 1103 205 sumus-ru

155 280 311 330 sciente,
330 281 474 318 frustra
493 281 605 319 voles.
663 281 776 330 Nam,
797 285 841 318 ut
861 294 930 330 ego
951 281 1140 332 existimo,
1159 294 1289 332 regem
1319 282 1435 320 armis

151 356 265 393 quam
286 344 547 389 munificentia
566 344 669 381 vinci
689 344 815 381 minus
849 344 859 361 ⁴
876 345 1107 393 flagitiosum
1127 350 1194 382 est.
1253 344 1433 384 Ceterum

151 407 199 444 de
233 420 273 444 re
304 407 458 457 publica
487 414 625 456 vestra,
646 409 755 456 cujus
783 413 935 445 curator
965 408 1039 445 huc
1066 409 1204 446 missus
1234 414 1286 458 es,
1304 411 1434 460 paucis

151 471 287 519 accipe.
357 470 512 507 Bellum
546 483 615 519 ego
649 470 788 519 populo
823 470 997 508 Romano
1034 483 1156 522 neque
1193 471 1278 521 feci,
1309 485 1433 523 neque

153 533 293 570 factum
313 547 479 584 unquam
500 534 603 570 volui
621 547 626 570 :
657 534 750 570 fines
778 547 881 570 meos
901 534 1102 571 adversum
1133 539 1298 572 armatos
1318 536 1434 573 armis

152 602 301 634 tutatus
332 611 425 634 sum.
483 598 495 615 ⁶
509 597 558 634 Id
592 597 740 647 omitto,
760 598 912 648 quando
931 598 1041 636 vobis
1061 598 1117 635 ita
1134 598 1281 648 placet:
1310 599 1433 648 gerite

149 661 251 711 quod
279 661 399 699 vultis
433 673 518 697 cuin
549 661 577 698 J
580 661 748 711 ugurtha
778 661 933 699 bellum.
1005 661 1089 711 Ego
1127 661 1270 699 flumen
1307 662 1434 700 Mulu-

149 724 271 772 cham,
290 724 392 774 quod
421 725 522 760 inter
542 737 602 760 me
623 729 661 761 et
682 724 886 774 Micipsam
905 724 992 773 fuit,
1010 737 1088 762 non
1107 723 1293 775 egrediar,
1310 737 1434 776 neque

147 787 187 824 id
221 789 364 824 intrare
399 787 427 825 J
430 787 635 836 ugurtham
670 787 801 824 sinam.
874 788 1078 836 Praeterea,
1106 788 1139 824 si
1168 788 1262 839 quid
1293 801 1429 839 meque

149 850 331 900 vobisque
353 851 510 900 dignum
530 850 722 900 petiveris,
742 850 844 887 haud
864 850 1039 899 repulsus
1058 851 1215 889 abibis.”

227 913 333 951 CXI.
366 913 431 950 Ad
452 926 495 950 ea.
516 913 626 951 Sulla
644 926 711 962 pro
733 926 771 950 sc
792 913 960 951 breviter
981 918 1019 950 et
1039 913 1198 962 modice,
1217 914 1263 950 de
1282 925 1373 963 pace
1394 919 1433 950 et

149 978 158 995 ¹
176 977 223 1013 dc
262 977 528 1014 communibus
566 977 680 1013 rebus
717 976 851 1013 multis
889 976 1081 1013 disseruit.
1139 976 1314 1027 Denique
1351 976 1433 1031 regi

146 1039 343 1088 patefecit,
364 1039 376 1056 ⁹
392 1043 400 1059 ‘
416 1039 518 1090 quod
550 1039 789 1088 polliceatur,
810 1047 985 1076 senatum
1015 1044 1054 1076 et
1081 1039 1263 1089 populum
1294 1030 1433 1077 Roma‘-

144 1115 248 1150 num,
277 1102 458 1150 quoniam
487 1102 652 1151 amplius
686 1101 802 1138 armis
839 1101 1060 1151 valuissent,
1088 1114 1163 1139 non
1200 1102 1240 1138 in
1267 1102 1431 1151 gratiam

144 1166 366 1214 habituros,
409 1165 630 1202 faciundum
659 1164 817 1215 aliquid,
845 1164 947 1214 quod
976 1164 1129 1202 illorum
1164 1165 1284 1214 magis
1316 1177 1430 1215 quam

145 1240 214 1264 sua
243 1227 422 1264 retulisse
453 1226 658 1263 videretur.
717 1227 727 1243 ³
746 1226 794 1262 Id
823 1227 917 1263 adeo
951 1226 990 1262 in
1020 1230 1199 1277 promptu
1231 1238 1324 1274 esse,
1342 1238 1430 1276 quo-

144 1290 247 1327 niam
270 1289 479 1338 Jugurthae
510 1289 657 1338 copiam
688 1288 866 1325 haberet:
897 1301 1010 1338 quem
1041 1289 1073 1325 si
1094 1288 1280 1325 Romanis
1313 1288 1429 1325 tradi-

144 1353 278 1402 disset,
298 1353 389 1401 fore,
409 1353 467 1389 uti
487 1352 545 1388 illi
564 1352 770 1401 plurimum
791 1351 1022 1400 deberetur5
1053 1351 1275 1400 amicitiam,
1294 1351 1428 1401 foedus,

144 1417 341 1455 Numidiae
375 1421 535 1465 partem,
554 1428 669 1465 quam
701 1427 800 1451 nunc
834 1419 994 1464 peteret,
1015 1419 1106 1451 tunc
1125 1414 1227 1451 ultro
1247 1414 1427 1452 adventu-

141 1482 247 1517 ram)
321 1479 408 1517 Rex
440 1478 563 1528 primo
597 1478 608 1495 ⁴
625 1479 821 1527 negitare:
862 1477 1119 1526 ‘affinitatem,
1151 1477 1427 1527 cognationem,

141 1548 328 1592 praeterea
347 1541 470 1578 foedus
490 1541 739 1578 intervenisse
755 1554 761 1577 :
793 1540 840 1576 ad
861 1540 931 1577 hoc
951 1545 1135 1588 metuere,
1154 1552 1212 1588 ne,
1231 1539 1334 1576 fluxa
1351 1539 1425 1577 fide

142 1619 243 1646 usus,
262 1604 503 1655 pepularium
524 1604 670 1640 animos
698 1607 903 1650 averteret,
923 1607 1009 1653 quis
1029 1607 1068 1639 ct
1088 1602 1116 1640 J
1120 1602 1286 1652 ugurtha
1305 1615 1426 1653 carus,

141 1674 180 1706 ct
201 1667 366 1705 Romani
387 1667 501 1704 invisi
521 1669 651 1703 erant.'
707 1666 882 1716 Denique
902 1666 1040 1715 saepius
1056 1665 1253 1714 fatigatus,
1272 1665 1426 1716 lenitur,

141 1737 180 1768 et
200 1745 247 1768 ex
266 1731 464 1768 voluntate
485 1729 604 1768 Sullae
633 1729 779 1766 ‘omnia
799 1741 838 1766 se
858 1729 1070 1766 facturum'
1098 1728 1300 1778 promittit.
1358 1727 1425 1768 Ce-

142 1799 265 1831 terum
286 1794 298 1811 ⁵
311 1794 359 1830 ad
375 1793 627 1831 simulandam
644 1804 786 1841 pacem,
803 1793 911 1840 cujus
928 1791 1109 1841 Numida,
1124 1791 1295 1828 defessus
1309 1790 1423 1842 bello,

139 1855 394 1903 avidissimus,
423 1867 508 1905 quae
537 1854 651 1891 utilia
680 1854 772 1903 visa,
803 1854 1050 1891 constituunt.
1120 1853 1194 1903 Ita,
1213 1853 1422 1903 composito

139 1919 238 1964 dolo,
258 1918 536 1967 digrediuntur.

218 1980 349 2019 CXII.
383 1982 439 2017 At
458 1993 525 2016 rex
545 1985 696 2029 postero
718 1980 778 2016 die
795 1980 995 2029 Asparem,
1012 1979 1041 2016 J
1043 1979 1219 2029 ugurthae
1238 1977 1420 2028 legatum,

137 2044 316 2095 appellat,
346 2043 515 2093 dicitque
548 2043 659 2081 ¹‘sibi
691 2056 759 2093 per
789 2043 980 2080 Dabarem
1009 2055 1056 2079 ex
1085 2041 1193 2080 Sulla
1211 2041 1419 2090 cognitum,

137 2121 246 2159 posse
267 2106 548 2144 conditionibus
566 2106 711 2143 bellum
730 2105 820 2155 poni
837 2119 843 2142 :
873 2104 1120 2155 quamobrem
1138 2103 1239 2153 regis
1259 2103 1319 2140 sui
1338 2115 1418 2140 sen-

138 2170 300 2208 tentiam
319 2169 560 2220 exquireret.’
617 2169 691 2205 Ille
722 2169 834 2216 laetus
863 2168 902 2204 in
921 2172 1045 2205 castra
1073 2166 1103 2204 J
1105 2165 1281 2216 ugurthae
1299 2166 1413 2204 venit.

138 2234 299 2282 Deinde,
329 2233 376 2270 ab
408 2231 475 2269 illo
518 2232 529 2248 ²
543 2236 680 2267 cuncta
713 2231 881 2278 edoctus,
914 2233 1114 2279 properato
1147 2228 1298 2277 itinere,
1329 2233 1417 2278 post

137 2297 237 2334 diem
253 2302 427 2334 octavum
442 2293 543 2332 redit
558 2293 605 2330 ad
623 2293 829 2342 Bocchum,
844 2298 882 2330 et
898 2292 933 2329 ei
946 2290 1414 2340 denuntiat‘Jugurtham

137 2372 274 2410 cupere
293 2359 431 2407 omnia,
450 2369 535 2409 quae
566 2357 856 2406 imperarentur,
875 2355 1010 2404 facere,
1029 2354 1096 2391 sed
1128 2354 1252 2391 Mario
1281 2366 1414 2404 parum
