<?xml version="1.0" encoding="UTF-8"?>
<!DOCTYPE html PUBLIC "-//W3C//DTD XHTML 1.0 Transitional//EN"
    "http://www.w3.org/TR/xhtml1/DTD/xhtml1-transitional.dtd">
<html xmlns="http://www.w3.org/1999/xhtml" xml:lang="en" lang="en">
 <head>
  <title>
</title>
<meta http-equiv="Content-Type" content="text/html;charset=utf-8" />
  <meta name='ocr-system' content='tesseract 3.04.00' />
  <meta name='ocr-capabilities' content='ocr_page ocr_carea ocr_par ocr_line ocrx_word'/>
</head>
<body>
  <div class='ocr_page' id='page_1' title='image "./historyofconspir00salluoft_0088.png"; bbox 0 0 1630 2626; ppageno 0'>
   <div class='ocr_carea' id='block_1_1' title="bbox 0 0 63 2498">
    <p class='ocr_par' dir='ltr' id='par_1_1' title="bbox 0 0 63 2498">
     <span class='ocr_line' id='line_1_1' title="bbox 0 0 63 2498; baseline 0 0"><span class='ocrx_word' id='word_1_1' title='bbox 0 0 63 2498; x_wconf 95' lang='lat' dir='ltr'> </span> 
     </span>
    </p>
   </div>
   <div class='ocr_carea' id='block_1_2' title="bbox 241 166 1180 203">
    <p class='ocr_par' dir='ltr' id='par_1_2' title="bbox 241 166 1180 203">
     <span class='ocr_line' id='line_1_2' title="bbox 241 166 1180 203; baseline -0.003 0"><span class='ocrx_word' id='word_1_2' title='bbox 241 166 291 203; x_wconf 87' lang='grc'>76</span> <span class='ocrx_word' id='word_1_3' title='bbox 587 177 630 202; x_wconf 91' lang='lat' dir='ltr'>c.</span> <span class='ocrx_word' id='word_1_4' title='bbox 678 175 860 201; x_wconf 76' lang='lat' dir='ltr'>cR1sr1</span> <span class='ocrx_word' id='word_1_5' title='bbox 905 175 1180 201; x_wconf 73' lang='lat' dir='ltr'>SALszru</span> 
     </span>
    </p>
   </div>
   <div class='ocr_carea' id='block_1_3' title="bbox 242 275 1544 2405">
    <p class='ocr_par' dir='ltr' id='par_1_3' title="bbox 242 275 1531 1082">
     <span class='ocr_line' id='line_1_3' title="bbox 242 275 1522 326; baseline -0.001 -10"><span class='ocrx_word' id='word_1_6' title='bbox 242 279 254 297; x_wconf 75' lang='lat'><strong>⁴</strong></span> <span class='ocrx_word' id='word_1_7' title='bbox 266 279 355 316; x_wconf 91' lang='lat' dir='ltr'>fidei</span> <span class='ocrx_word' id='word_1_8' title='bbox 376 291 490 315; x_wconf 85' lang='lat' dir='ltr'>causa</span> <span class='ocrx_word' id='word_1_9' title='bbox 508 277 679 314; x_wconf 76' lang='lat' dir='ltr'><strong>mittitur</strong></span> <span class='ocrx_word' id='word_1_10' title='bbox 699 291 721 314; x_wconf 89' lang='lat' dir='ltr'>a</span> <span class='ocrx_word' id='word_1_11' title='bbox 740 276 893 315; x_wconf 85' lang='lat' dir='ltr'>consule</span> <span class='ocrx_word' id='word_1_12' title='bbox 914 276 1071 315; x_wconf 84' lang='lat' dir='ltr'>Sextius</span> <span class='ocrx_word' id='word_1_13' title='bbox 1090 281 1257 326; x_wconf 86' lang='lat' dir='ltr'>quaestor</span> <span class='ocrx_word' id='word_1_14' title='bbox 1275 275 1315 314; x_wconf 89' lang='lat' dir='ltr'>in</span> <span class='ocrx_word' id='word_1_15' title='bbox 1343 275 1522 326; x_wconf 80' lang='lat' dir='ltr'>oppidum</span> 
     </span>
     <span class='ocr_line' id='line_1_4' title="bbox 243 329 1524 391; baseline -0.002 -12"><span class='ocrx_word' id='word_1_16' title='bbox 243 342 451 391; x_wconf 62' lang='lat' dir='ltr'>«Iugurthae</span> <span class='ocrx_word' id='word_1_17' title='bbox 472 342 620 390; x_wconf 79' lang='lat' dir='ltr'>Vagam</span> <span class='ocrx_word' id='word_1_18' title='bbox 638 355 644 389; x_wconf 80' lang='lat'>3</span> <span class='ocrx_word' id='word_1_19' title='bbox 676 343 786 390; x_wconf 89' lang='lat' dir='ltr'>cujus</span> <span class='ocrx_word' id='word_1_20' title='bbox 805 341 860 378; x_wconf 92' lang='lat' dir='ltr'>rei</span> <span class='ocrx_word' id='word_1_21' title='bbox 881 341 1026 389; x_wconf 85' lang='lat' dir='ltr'>species</span> <span class='ocrx_word' id='word_1_22' title='bbox 1046 346 1129 376; x_wconf 89' lang='lat' dir='ltr'>erat</span> <span class='ocrx_word' id='word_1_23' title='bbox 1143 339 1314 389; x_wconf 89' lang='lat' dir='ltr'>acceptio</span> <span class='ocrx_word' id='word_1_24' title='bbox 1327 329 1524 387; x_wconf 76' lang='lat' dir='ltr'>frumenti,</span> 
     </span>
     <span class='ocr_line' id='line_1_5' title="bbox 242 402 1525 455; baseline -0.002 -14"><span class='ocrx_word' id='word_1_25' title='bbox 242 405 343 455; x_wconf 90' lang='lat' dir='ltr'>quod</span> <span class='ocrx_word' id='word_1_26' title='bbox 366 404 596 454; x_wconf 83' lang='lat' dir='ltr'>Calpurnius</span> <span class='ocrx_word' id='word_1_27' title='bbox 616 404 740 452; x_wconf 84' lang='lat' dir='ltr'>palam</span> <span class='ocrx_word' id='word_1_28' title='bbox 763 403 902 451; x_wconf 84' lang='lat' dir='ltr'>legatis</span> <span class='ocrx_word' id='word_1_29' title='bbox 932 403 1197 451; x_wconf 83' lang='lat' dir='ltr'>imperaverat,</span> <span class='ocrx_word' id='word_1_30' title='bbox 1215 403 1395 453; x_wconf 86' lang='lat' dir='ltr'>quoniam</span> <span class='ocrx_word' id='word_1_31' title='bbox 1423 402 1525 439; x_wconf 87' lang='lat' dir='ltr'>dedi-</span> 
     </span>
     <span class='ocr_line' id='line_1_6' title="bbox 242 465 1526 515; baseline -0.002 -11"><span class='ocrx_word' id='word_1_32' title='bbox 242 468 359 504; x_wconf 88' lang='lat' dir='ltr'>tionis</span> <span class='ocrx_word' id='word_1_33' title='bbox 379 481 484 504; x_wconf 89' lang='lat' dir='ltr'>mora</span> <span class='ocrx_word' id='word_1_34' title='bbox 505 467 668 503; x_wconf 78' lang='lat' dir='ltr'>induciae</span> <span class='ocrx_word' id='word_1_35' title='bbox 689 466 945 515; x_wconf 76' lang='lat' dir='ltr'>agitabantur.</span> <span class='ocrx_word' id='word_1_36' title='bbox 1003 465 1132 514; x_wconf 85' lang='lat' dir='ltr'>Igitur</span> <span class='ocrx_word' id='word_1_37' title='bbox 1149 477 1230 514; x_wconf 88' lang='lat' dir='ltr'>rex,</span> <span class='ocrx_word' id='word_1_38' title='bbox 1243 465 1303 502; x_wconf 79' lang='lat' dir='ltr'>uti</span> <span class='ocrx_word' id='word_1_39' title='bbox 1322 465 1526 502; x_wconf 87' lang='lat' dir='ltr'>constitue-</span> 
     </span>
     <span class='ocr_line' id='line_1_7' title="bbox 242 527 1526 579; baseline -0.002 -12"><span class='ocrx_word' id='word_1_40' title='bbox 242 536 314 579; x_wconf 89' lang='lat' dir='ltr'>rat,</span> <span class='ocrx_word' id='word_1_41' title='bbox 335 531 372 567; x_wconf 92' lang='lat' dir='ltr'>in</span> <span class='ocrx_word' id='word_1_42' title='bbox 403 536 528 566; x_wconf 87' lang='lat' dir='ltr'>castra</span> <span class='ocrx_word' id='word_1_43' title='bbox 559 530 687 576; x_wconf 74' lang='lat' dir='ltr'>venit,</span> <span class='ocrx_word' id='word_1_44' title='bbox 723 541 766 565; x_wconf 89' lang='lat' dir='ltr'>ac</span> <span class='ocrx_word' id='word_1_45' title='bbox 796 541 927 578; x_wconf 89' lang='lat' dir='ltr'>pauca,</span> <span class='ocrx_word' id='word_1_46' title='bbox 947 528 1150 578; x_wconf 80' lang='lat' dir='ltr'>‘&#39;praesenti</span> <span class='ocrx_word' id='word_1_47' title='bbox 1180 527 1348 576; x_wconf 84' lang='lat' dir='ltr'>consilio,</span> <span class='ocrx_word' id='word_1_48' title='bbox 1375 527 1526 564; x_wconf 87' lang='lat' dir='ltr'>locutus</span> 
     </span>
     <span class='ocr_line' id='line_1_8' title="bbox 244 589 1528 640; baseline -0.002 -11"><span class='ocrx_word' id='word_1_49' title='bbox 244 593 290 629; x_wconf 92' lang='lat' dir='ltr'>de</span> <span class='ocrx_word' id='word_1_50' title='bbox 318 593 462 630; x_wconf 89' lang='lat' dir='ltr'>invidia</span> <span class='ocrx_word' id='word_1_51' title='bbox 492 592 585 628; x_wconf 87' lang='lat' dir='ltr'>facti</span> <span class='ocrx_word' id='word_1_52' title='bbox 617 591 687 639; x_wconf 91' lang='lat' dir='ltr'>sui,</span> <span class='ocrx_word' id='word_1_53' title='bbox 707 597 821 640; x_wconf 86' lang='lat' dir='ltr'>atque</span> <span class='ocrx_word' id='word_1_54' title='bbox 853 591 891 627; x_wconf 92' lang='lat' dir='ltr'>in</span> <span class='ocrx_word' id='word_1_55' title='bbox 923 590 1157 628; x_wconf 90' lang='lat' dir='ltr'>deditionem</span> <span class='ocrx_word' id='word_1_56' title='bbox 1189 589 1249 626; x_wconf 86' lang='lat' dir='ltr'>uti</span> <span class='ocrx_word' id='word_1_57' title='bbox 1280 589 1528 638; x_wconf 78' lang='lat' dir='ltr'>acciperetur,</span> 
     </span>
     <span class='ocr_line' id='line_1_9' title="bbox 243 651 1528 705; baseline -0.004 -13"><span class='ocrx_word' id='word_1_58' title='bbox 243 655 391 705; x_wconf 87' lang='lat' dir='ltr'>reliqua</span> <span class='ocrx_word' id='word_1_59' title='bbox 411 667 494 690; x_wconf 89' lang='lat' dir='ltr'>cum</span> <span class='ocrx_word' id='word_1_60' title='bbox 518 654 650 690; x_wconf 85' lang='lat' dir='ltr'>Bestia</span> <span class='ocrx_word' id='word_1_61' title='bbox 671 658 710 691; x_wconf 88' lang='lat' dir='ltr'>et</span> <span class='ocrx_word' id='word_1_62' title='bbox 730 653 872 691; x_wconf 83' lang='lat' dir='ltr'>Scauro</span> <span class='ocrx_word' id='word_1_63' title='bbox 893 658 1039 690; x_wconf 85' lang='lat' dir='ltr'>secreta</span> <span class='ocrx_word' id='word_1_64' title='bbox 1059 651 1252 700; x_wconf 81' lang='lat' dir='ltr'>transigit:</span> <span class='ocrx_word' id='word_1_65' title='bbox 1275 651 1362 688; x_wconf 87' lang='lat' dir='ltr'>dein</span> <span class='ocrx_word' id='word_1_66' title='bbox 1377 655 1528 700; x_wconf 85' lang='lat' dir='ltr'>postero</span> 
     </span>
     <span class='ocr_line' id='line_1_10' title="bbox 245 715 1528 769; baseline -0.003 -14"><span class='ocrx_word' id='word_1_67' title='bbox 245 720 318 766; x_wconf 85' lang='lat' dir='ltr'>die,</span> <span class='ocrx_word' id='word_1_68' title='bbox 343 720 452 769; x_wconf 84' lang='lat' dir='ltr'>quasi</span> <span class='ocrx_word' id='word_1_69' title='bbox 481 732 548 767; x_wconf 92' lang='lat' dir='ltr'>per</span> <span class='ocrx_word' id='word_1_70' title='bbox 574 724 742 755; x_wconf 85' lang='lat' dir='ltr'>saturam</span> <span class='ocrx_word' id='word_1_71' title='bbox 770 718 971 755; x_wconf 83' lang='lat' dir='ltr'>sententiis</span> <span class='ocrx_word' id='word_1_72' title='bbox 998 717 1211 767; x_wconf 79' lang='lat' dir='ltr'>exquisitis,</span> <span class='ocrx_word' id='word_1_73' title='bbox 1232 716 1270 753; x_wconf 88' lang='lat' dir='ltr'>in</span> <span class='ocrx_word' id='word_1_74' title='bbox 1295 715 1528 753; x_wconf 82' lang='lat' dir='ltr'>deditionem</span> 
     </span>
     <span class='ocr_line' id='line_1_11' title="bbox 245 778 1529 830; baseline -0.003 -11"><span class='ocrx_word' id='word_1_75' title='bbox 245 782 440 830; x_wconf 81' lang='lat' dir='ltr'>accipitur.</span> <span class='ocrx_word' id='word_1_76' title='bbox 499 781 587 826; x_wconf 72' lang='lat' dir='ltr'>Sed,</span> <span class='ocrx_word' id='word_1_77' title='bbox 606 781 664 818; x_wconf 88' lang='lat' dir='ltr'>uti</span> <span class='ocrx_word' id='word_1_78' title='bbox 685 782 696 798; x_wconf 84' lang='lat'><strong>⁶</strong></span> <span class='ocrx_word' id='word_1_79' title='bbox 709 794 776 830; x_wconf 90' lang='lat' dir='ltr'>pro</span> <span class='ocrx_word' id='word_1_80' title='bbox 797 781 956 817; x_wconf 89' lang='lat' dir='ltr'>consilio</span> <span class='ocrx_word' id='word_1_81' title='bbox 976 781 1203 829; x_wconf 89' lang='lat' dir='ltr'>imperatum</span> <span class='ocrx_word' id='word_1_82' title='bbox 1224 784 1318 827; x_wconf 86' lang='lat' dir='ltr'>erat,</span> <span class='ocrx_word' id='word_1_83' title='bbox 1337 778 1529 828; x_wconf 79' lang='lat' dir='ltr'>elephanti</span> 
     </span>
     <span class='ocr_line' id='line_1_12' title="bbox 246 835 1529 894; baseline -0.002 -13"><span class='ocrx_word' id='word_1_84' title='bbox 246 845 417 893; x_wconf 84' lang='lat' dir='ltr'>triginta,</span> <span class='ocrx_word' id='word_1_85' title='bbox 437 857 552 893; x_wconf 88' lang='lat' dir='ltr'>pecus</span> <span class='ocrx_word' id='word_1_86' title='bbox 573 850 686 894; x_wconf 88' lang='lat' dir='ltr'>atque</span> <span class='ocrx_word' id='word_1_87' title='bbox 707 844 794 893; x_wconf 86' lang='lat' dir='ltr'>equi</span> <span class='ocrx_word' id='word_1_88' title='bbox 815 843 927 880; x_wconf 88' lang='lat' dir='ltr'>multi</span> <span class='ocrx_word' id='word_1_89' title='bbox 947 856 1031 879; x_wconf 88' lang='lat' dir='ltr'>cum</span> <span class='ocrx_word' id='word_1_90' title='bbox 1051 835 1166 892; x_wconf 81' lang='lat' dir='ltr'>parvo</span> <span class='ocrx_word' id='word_1_91' title='bbox 1186 841 1335 891; x_wconf 82' lang='lat' dir='ltr'>argenti</span> <span class='ocrx_word' id='word_1_92' title='bbox 1362 841 1529 890; x_wconf 89' lang='lat' dir='ltr'>pondere</span> 
     </span>
     <span class='ocr_line' id='line_1_13' title="bbox 246 904 1530 957; baseline -0.003 -13"><span class='ocrx_word' id='word_1_93' title='bbox 246 908 428 957; x_wconf 84' lang='lat' dir='ltr'>quaestori</span> <span class='ocrx_word' id='word_1_94' title='bbox 458 907 673 944; x_wconf 87' lang='lat' dir='ltr'>traduntur.</span> <span class='ocrx_word' id='word_1_95' title='bbox 743 906 974 955; x_wconf 81' lang='lat' dir='ltr'>Calpurnius</span> <span class='ocrx_word' id='word_1_96' title='bbox 1005 906 1169 943; x_wconf 84' lang='lat' dir='ltr'>Romam</span> <span class='ocrx_word' id='word_1_97' title='bbox 1201 904 1249 941; x_wconf 87' lang='lat' dir='ltr'>ad</span> <span class='ocrx_word' id='word_1_98' title='bbox 1281 904 1530 953; x_wconf 79' lang='lat' dir='ltr'>magistratus</span> 
     </span>
     <span class='ocr_line' id='line_1_14' title="bbox 246 967 1531 1018; baseline -0.003 -12"><span class='ocrx_word' id='word_1_99' title='bbox 246 969 435 1018; x_wconf 84' lang='lat' dir='ltr'>rogandos</span> <span class='ocrx_word' id='word_1_100' title='bbox 454 969 716 1018; x_wconf 87' lang='lat' dir='ltr'>proficiscitur.</span> <span class='ocrx_word' id='word_1_101' title='bbox 775 968 822 1005; x_wconf 90' lang='lat' dir='ltr'>In</span> <span class='ocrx_word' id='word_1_102' title='bbox 843 967 1030 1004; x_wconf 86' lang='lat' dir='ltr'>Numidia</span> <span class='ocrx_word' id='word_1_103' title='bbox 1049 973 1088 1004; x_wconf 90' lang='lat' dir='ltr'>et</span> <span class='ocrx_word' id='word_1_104' title='bbox 1107 967 1280 1004; x_wconf 88' lang='lat' dir='ltr'>exercitu</span> <span class='ocrx_word' id='word_1_105' title='bbox 1306 970 1437 1003; x_wconf 85' lang='lat' dir='ltr'>nostro</span> <span class='ocrx_word' id='word_1_106' title='bbox 1455 978 1531 1015; x_wconf 89' lang='lat' dir='ltr'>pax</span> 
     </span>
     <span class='ocr_line' id='line_1_15' title="bbox 248 1028 1292 1082; baseline -0.005 -13"><span class='ocrx_word' id='word_1_107' title='bbox 248 1033 479 1082; x_wconf 81' lang='lat' dir='ltr'>agitabatur.</span> <span class='ocrx_word' id='word_1_108' title='bbox 1289 1028 1292 1029; x_wconf 43' lang='lat'><em>⁷</em></span> 
     </span>
    </p>

    <p class='ocr_par' dir='ltr' id='par_1_4' title="bbox 249 1092 1541 2147">
     <span class='ocr_line' id='line_1_16' title="bbox 327 1092 1532 1144; baseline -0.003 -12"><span class='ocrx_word' id='word_1_109' title='bbox 327 1094 459 1132; x_wconf 92' lang='lat' dir='ltr'>XXX.</span> <span class='ocrx_word' id='word_1_110' title='bbox 493 1094 703 1144; x_wconf 88' lang='lat' dir='ltr'>Postquam</span> <span class='ocrx_word' id='word_1_111' title='bbox 735 1107 796 1131; x_wconf 80' lang='lat' dir='ltr'>res</span> <span class='ocrx_word' id='word_1_112' title='bbox 826 1094 865 1130; x_wconf 91' lang='lat' dir='ltr'>in</span> <span class='ocrx_word' id='word_1_113' title='bbox 894 1093 1029 1130; x_wconf 86' lang='lat' dir='ltr'>Africa</span> <span class='ocrx_word' id='word_1_114' title='bbox 1058 1099 1198 1142; x_wconf 88' lang='lat' dir='ltr'>gestas,</span> <span class='ocrx_word' id='word_1_115' title='bbox 1220 1093 1392 1143; x_wconf 73' lang='lat' dir='ltr'>&#39;quoque</span> <span class='ocrx_word' id='word_1_116' title='bbox 1420 1092 1532 1130; x_wconf 87' lang='lat' dir='ltr'>modo</span> 
     </span>
     <span class='ocr_line' id='line_1_17' title="bbox 249 1154 1533 1205; baseline -0.002 -10"><span class='ocrx_word' id='word_1_117' title='bbox 249 1163 345 1195; x_wconf 70' lang='lat' dir='ltr'>actae</span> <span class='ocrx_word' id='word_1_118' title='bbox 377 1158 513 1205; x_wconf 85' lang='lat' dir='ltr'>forent,</span> <span class='ocrx_word' id='word_1_119' title='bbox 546 1157 648 1193; x_wconf 87' lang='lat' dir='ltr'>fama</span> <span class='ocrx_word' id='word_1_120' title='bbox 685 1156 910 1205; x_wconf 69' lang='lat' dir='ltr'>divulgavit,</span> <span class='ocrx_word' id='word_1_121' title='bbox 940 1156 1075 1193; x_wconf 84' lang='lat' dir='ltr'>Romae</span> <span class='ocrx_word' id='word_1_122' title='bbox 1106 1168 1174 1204; x_wconf 91' lang='lat' dir='ltr'>per</span> <span class='ocrx_word' id='word_1_123' title='bbox 1207 1167 1338 1192; x_wconf 86' lang='lat' dir='ltr'>omnes</span> <span class='ocrx_word' id='word_1_124' title='bbox 1364 1154 1466 1192; x_wconf 87' lang='lat' dir='ltr'>locos</span> <span class='ocrx_word' id='word_1_125' title='bbox 1494 1159 1533 1192; x_wconf 85' lang='lat' dir='ltr'>et</span> 
     </span>
     <span class='ocr_line' id='line_1_18' title="bbox 249 1217 1533 1267; baseline -0.004 -9"><span class='ocrx_word' id='word_1_126' title='bbox 249 1226 458 1258; x_wconf 88' lang='lat' dir='ltr'>conventus</span> <span class='ocrx_word' id='word_1_127' title='bbox 479 1220 525 1257; x_wconf 92' lang='lat' dir='ltr'>de</span> <span class='ocrx_word' id='word_1_128' title='bbox 545 1221 646 1256; x_wconf 86' lang='lat' dir='ltr'>facto</span> <span class='ocrx_word' id='word_1_129' title='bbox 666 1219 833 1256; x_wconf 88' lang='lat' dir='ltr'>consulis</span> <span class='ocrx_word' id='word_1_130' title='bbox 863 1218 1008 1267; x_wconf 85' lang='lat' dir='ltr'>agitari.</span> <span class='ocrx_word' id='word_1_131' title='bbox 1066 1217 1183 1266; x_wconf 89' lang='lat' dir='ltr'>Apud</span> <span class='ocrx_word' id='word_1_132' title='bbox 1210 1217 1360 1266; x_wconf 83' lang='lat' dir='ltr'>plebem</span> <span class='ocrx_word' id='word_1_133' title='bbox 1380 1217 1392 1234; x_wconf 73' lang='lat'>²</span> <span class='ocrx_word' id='word_1_134' title='bbox 1405 1217 1533 1266; x_wconf 79' lang='lat' dir='ltr'>gravis</span> 
     </span>
     <span class='ocr_line' id='line_1_19' title="bbox 249 1279 1533 1332; baseline -0.005 -11"><span class='ocrx_word' id='word_1_135' title='bbox 249 1284 416 1331; x_wconf 71' lang='lat' dir='ltr'>invidia,</span> <span class='ocrx_word' id='word_1_136' title='bbox 451 1288 580 1332; x_wconf 87' lang='lat' dir='ltr'>patres</span> <span class='ocrx_word' id='word_1_137' title='bbox 609 1282 766 1319; x_wconf 86' lang='lat' dir='ltr'>solliciti</span> <span class='ocrx_word' id='word_1_138' title='bbox 797 1286 930 1329; x_wconf 77' lang='lat' dir='ltr'>erant,</span> <span class='ocrx_word' id='word_1_139' title='bbox 965 1280 1218 1329; x_wconf 84' lang='lat' dir='ltr'>probarentne</span> <span class='ocrx_word' id='word_1_140' title='bbox 1249 1284 1400 1316; x_wconf 82' lang='lat' dir='ltr'>tantum</span> <span class='ocrx_word' id='word_1_141' title='bbox 1430 1279 1533 1328; x_wconf 85' lang='lat' dir='ltr'>flagi-</span> 
     </span>
     <span class='ocr_line' id='line_1_20' title="bbox 250 1341 1532 1395; baseline -0.005 -11"><span class='ocrx_word' id='word_1_142' title='bbox 250 1347 359 1395; x_wconf 89' lang='lat' dir='ltr'>tium,</span> <span class='ocrx_word' id='word_1_143' title='bbox 380 1359 426 1383; x_wconf 87' lang='lat' dir='ltr'>an</span> <span class='ocrx_word' id='word_1_144' title='bbox 448 1346 643 1382; x_wconf 87' lang='lat' dir='ltr'>decretum</span> <span class='ocrx_word' id='word_1_145' title='bbox 665 1343 831 1381; x_wconf 87' lang='lat' dir='ltr'>consulis</span> <span class='ocrx_word' id='word_1_146' title='bbox 851 1344 1128 1390; x_wconf 81' lang='lat' dir='ltr'>subverterent,</span> <span class='ocrx_word' id='word_1_147' title='bbox 1147 1354 1280 1391; x_wconf 88' lang='lat' dir='ltr'>parum</span> <span class='ocrx_word' id='word_1_148' title='bbox 1309 1341 1532 1380; x_wconf 78' lang='lat' dir='ltr'>constabat:</span> 
     </span>
     <span class='ocr_line' id='line_1_21' title="bbox 251 1403 1535 1457; baseline -0.005 -11"><span class='ocrx_word' id='word_1_149' title='bbox 251 1423 293 1447; x_wconf 86' lang='lat' dir='ltr'>ac</span> <span class='ocrx_word' id='word_1_150' title='bbox 313 1409 479 1446; x_wconf 82' lang='lat' dir='ltr'>maxime</span> <span class='ocrx_word' id='word_1_151' title='bbox 511 1421 573 1445; x_wconf 87' lang='lat' dir='ltr'>eos</span> <span class='ocrx_word' id='word_1_152' title='bbox 603 1407 776 1457; x_wconf 88' lang='lat' dir='ltr'>potentia</span> <span class='ocrx_word' id='word_1_153' title='bbox 797 1405 1089 1455; x_wconf 71' lang='lat' dir='ltr'>Scauri7³quod</span> <span class='ocrx_word' id='word_1_154' title='bbox 1119 1405 1151 1442; x_wconf 89' lang='lat' dir='ltr'>is</span> <span class='ocrx_word' id='word_1_155' title='bbox 1181 1409 1314 1441; x_wconf 89' lang='lat' dir='ltr'>auctor</span> <span class='ocrx_word' id='word_1_156' title='bbox 1344 1409 1383 1440; x_wconf 93' lang='lat' dir='ltr'>et</span> <span class='ocrx_word' id='word_1_157' title='bbox 1410 1403 1535 1441; x_wconf 84' lang='lat' dir='ltr'>socius</span> 
     </span>
     <span class='ocr_line' id='line_1_22' title="bbox 252 1466 1536 1519; baseline -0.006 -8"><span class='ocrx_word' id='word_1_158' title='bbox 252 1473 397 1511; x_wconf 77' lang='lat' dir='ltr'>Bestiae</span> <span class='ocrx_word' id='word_1_159' title='bbox 417 1472 623 1518; x_wconf 84' lang='lat' dir='ltr'>ferebatur,</span> <span class='ocrx_word' id='word_1_160' title='bbox 639 1484 660 1507; x_wconf 89' lang='lat' dir='ltr'>a</span> <span class='ocrx_word' id='word_1_161' title='bbox 679 1483 768 1508; x_wconf 88' lang='lat' dir='ltr'>vero</span> <span class='ocrx_word' id='word_1_162' title='bbox 788 1470 962 1519; x_wconf 88' lang='lat' dir='ltr'>bonoque</span> <span class='ocrx_word' id='word_1_163' title='bbox 980 1468 1223 1517; x_wconf 87' lang='lat' dir='ltr'>impediebat.</span> <span class='ocrx_word' id='word_1_164' title='bbox 1281 1467 1338 1504; x_wconf 87' lang='lat' dir='ltr'>At</span> <span class='ocrx_word' id='word_1_165' title='bbox 1357 1466 1396 1504; x_wconf 83' lang='lat' dir='ltr'>G.</span> <span class='ocrx_word' id='word_1_166' title='bbox 1416 1466 1536 1503; x_wconf 91' lang='lat' dir='ltr'>Mem-</span> 
     </span>
     <span class='ocr_line' id='line_1_23' title="bbox 251 1529 1536 1584; baseline -0.007 -10"><span class='ocrx_word' id='word_1_167' title='bbox 251 1537 363 1574; x_wconf 83' lang='lat' dir='ltr'>mius.</span> <span class='ocrx_word' id='word_1_168' title='bbox 383 1537 492 1584; x_wconf 89' lang='lat' dir='ltr'>cujus</span> <span class='ocrx_word' id='word_1_169' title='bbox 513 1535 558 1571; x_wconf 89' lang='lat' dir='ltr'>de</span> <span class='ocrx_word' id='word_1_170' title='bbox 580 1534 760 1571; x_wconf 87' lang='lat' dir='ltr'>libertate</span> <span class='ocrx_word' id='word_1_171' title='bbox 781 1532 925 1581; x_wconf 87' lang='lat' dir='ltr'>ingenii</span> <span class='ocrx_word' id='word_1_172' title='bbox 945 1536 984 1568; x_wconf 91' lang='lat' dir='ltr'>et</span> <span class='ocrx_word' id='word_1_173' title='bbox 1003 1531 1091 1567; x_wconf 89' lang='lat' dir='ltr'>odio</span> <span class='ocrx_word' id='word_1_174' title='bbox 1110 1530 1292 1579; x_wconf 80' lang='lat' dir='ltr'>potentiae</span> <span class='ocrx_word' id='word_1_175' title='bbox 1319 1529 1536 1567; x_wconf 81' lang='lat' dir='ltr'>nobilitatis</span> 
     </span>
     <span class='ocr_line' id='line_1_24' title="bbox 253 1591 1537 1648; baseline -0.006 -12"><span class='ocrx_word' id='word_1_176' title='bbox 253 1612 366 1648; x_wconf 86' lang='lat' dir='ltr'>supra</span> <span class='ocrx_word' id='word_1_177' title='bbox 386 1597 565 1640; x_wconf 67' lang='lat' dir='ltr'>diximus,</span> <span class='ocrx_word' id='word_1_178' title='bbox 585 1596 686 1632; x_wconf 87' lang='lat' dir='ltr'>inter</span> <span class='ocrx_word' id='word_1_179' title='bbox 707 1594 987 1632; x_wconf 86' lang='lat' dir='ltr'>dubitationem</span> <span class='ocrx_word' id='word_1_180' title='bbox 1007 1598 1046 1630; x_wconf 91' lang='lat' dir='ltr'>et</span> <span class='ocrx_word' id='word_1_181' title='bbox 1065 1605 1190 1629; x_wconf 87' lang='lat' dir='ltr'>moras</span> <span class='ocrx_word' id='word_1_182' title='bbox 1210 1591 1335 1630; x_wconf 86' lang='lat' dir='ltr'>senati</span> <span class='ocrx_word' id='word_1_183' title='bbox 1353 1591 1537 1629; x_wconf 87' lang='lat' dir='ltr'>concioni-</span> 
     </span>
     <span class='ocr_line' id='line_1_25' title="bbox 252 1654 1538 1710; baseline -0.005 -11"><span class='ocrx_word' id='word_1_184' title='bbox 252 1662 325 1700; x_wconf 87' lang='lat' dir='ltr'>bus</span> <span class='ocrx_word' id='word_1_185' title='bbox 339 1660 522 1710; x_wconf 91' lang='lat' dir='ltr'>populum</span> <span class='ocrx_word' id='word_1_186' title='bbox 542 1659 591 1696; x_wconf 89' lang='lat' dir='ltr'>ad</span> <span class='ocrx_word' id='word_1_187' title='bbox 610 1657 884 1696; x_wconf 88' lang='lat' dir='ltr'>vindicandum</span> <span class='ocrx_word' id='word_1_188' title='bbox 904 1656 1062 1704; x_wconf 89' lang='lat' dir='ltr'>hortari,</span> <span class='ocrx_word' id='word_1_189' title='bbox 1081 1667 1246 1702; x_wconf 88' lang='lat' dir='ltr'>monere,</span> <span class='ocrx_word' id='word_1_190' title='bbox 1264 1666 1312 1690; x_wconf 90' lang='lat' dir='ltr'>ne</span> <span class='ocrx_word' id='word_1_191' title='bbox 1339 1667 1420 1691; x_wconf 88' lang='lat' dir='ltr'>rem</span> <span class='ocrx_word' id='word_1_192' title='bbox 1447 1654 1538 1703; x_wconf 88' lang='lat' dir='ltr'>pub-</span> 
     </span>
     <span class='ocr_line' id='line_1_26' title="bbox 253 1716 1539 1771; baseline -0.005 -11"><span class='ocrx_word' id='word_1_193' title='bbox 253 1725 379 1771; x_wconf 86' lang='lat' dir='ltr'>licam,</span> <span class='ocrx_word' id='word_1_194' title='bbox 406 1735 453 1760; x_wconf 91' lang='lat' dir='ltr'>ne</span> <span class='ocrx_word' id='word_1_195' title='bbox 487 1722 708 1760; x_wconf 87' lang='lat' dir='ltr'>libertatem</span> <span class='ocrx_word' id='word_1_196' title='bbox 741 1733 847 1757; x_wconf 82' lang='lat' dir='ltr'>suam</span> <span class='ocrx_word' id='word_1_197' title='bbox 877 1719 1120 1766; x_wconf 71' lang='lat' dir='ltr'>desererent,</span> <span class='ocrx_word' id='word_1_198' title='bbox 1152 1717 1276 1754; x_wconf 84' lang='lat' dir='ltr'>multa</span> <span class='ocrx_word' id='word_1_199' title='bbox 1305 1716 1468 1766; x_wconf 84' lang='lat' dir='ltr'>superba</span> <span class='ocrx_word' id='word_1_200' title='bbox 1499 1721 1539 1754; x_wconf 88' lang='lat' dir='ltr'>et</span> 
     </span>
     <span class='ocr_line' id='line_1_27' title="bbox 253 1780 1540 1830; baseline -0.006 -6"><span class='ocrx_word' id='word_1_201' title='bbox 253 1787 426 1824; x_wconf 86' lang='lat' dir='ltr'>crudelia</span> <span class='ocrx_word' id='word_1_202' title='bbox 455 1786 623 1822; x_wconf 87' lang='lat' dir='ltr'>facinora</span> <span class='ocrx_word' id='word_1_203' title='bbox 656 1783 872 1821; x_wconf 84' lang='lat' dir='ltr'>nobilitatis</span> <span class='ocrx_word' id='word_1_204' title='bbox 905 1781 1130 1819; x_wconf 88' lang='lat' dir='ltr'>ostendere:</span> <span class='ocrx_word' id='word_1_205' title='bbox 1177 1792 1332 1830; x_wconf 86' lang='lat' dir='ltr'>prorsus</span> <span class='ocrx_word' id='word_1_206' title='bbox 1369 1780 1540 1817; x_wconf 84' lang='lat' dir='ltr'>intentus</span> 
     </span>
     <span class='ocr_line' id='line_1_28' title="bbox 255 1843 1540 1897; baseline -0.008 -9"><span class='ocrx_word' id='word_1_207' title='bbox 255 1850 359 1888; x_wconf 87' lang='lat' dir='ltr'>omni</span> <span class='ocrx_word' id='word_1_208' title='bbox 389 1849 502 1886; x_wconf 91' lang='lat' dir='ltr'>modo</span> <span class='ocrx_word' id='word_1_209' title='bbox 527 1847 652 1897; x_wconf 88' lang='lat' dir='ltr'>plebis</span> <span class='ocrx_word' id='word_1_210' title='bbox 682 1846 851 1883; x_wconf 89' lang='lat' dir='ltr'>animum</span> <span class='ocrx_word' id='word_1_211' title='bbox 883 1845 1124 1882; x_wconf 88' lang='lat' dir='ltr'>accendebat.</span> <span class='ocrx_word' id='word_1_212' title='bbox 1182 1843 1270 1890; x_wconf 87' lang='lat' dir='ltr'>Sed,</span> <span class='ocrx_word' id='word_1_213' title='bbox 1288 1843 1467 1894; x_wconf 88' lang='lat' dir='ltr'>quoniam</span> <span class='ocrx_word' id='word_1_214' title='bbox 1496 1855 1540 1879; x_wconf 88' lang='lat' dir='ltr'>ea</span> 
     </span>
     <span class='ocr_line' id='line_1_29' title="bbox 255 1905 1540 1962; baseline -0.007 -12"><span class='ocrx_word' id='word_1_215' title='bbox 255 1917 485 1962; x_wconf 85' lang='lat' dir='ltr'>tempestate</span> <span class='ocrx_word' id='word_1_216' title='bbox 517 1911 652 1948; x_wconf 82' lang='lat' dir='ltr'>Romae</span> <span class='ocrx_word' id='word_1_217' title='bbox 674 1909 849 1946; x_wconf 91' lang='lat' dir='ltr'>Memmii</span> <span class='ocrx_word' id='word_1_218' title='bbox 869 1908 1047 1945; x_wconf 84' lang='lat' dir='ltr'>facundia</span> <span class='ocrx_word' id='word_1_219' title='bbox 1075 1907 1179 1944; x_wconf 85' lang='lat' dir='ltr'>clara</span> <span class='ocrx_word' id='word_1_220' title='bbox 1205 1906 1426 1956; x_wconf 85' lang='lat' dir='ltr'>pollensque</span> <span class='ocrx_word' id='word_1_221' title='bbox 1454 1905 1540 1954; x_wconf 82' lang='lat' dir='ltr'>fuit,</span> 
     </span>
     <span class='ocr_line' id='line_1_30' title="bbox 257 1969 1540 2017; baseline -0.008 -3"><span class='ocrx_word' id='word_1_222' title='bbox 257 1977 392 2014; x_wconf 86' lang='lat' dir='ltr'>decere</span> <span class='ocrx_word' id='word_1_223' title='bbox 412 1973 630 2012; x_wconf 85' lang='lat' dir='ltr'>existimavi</span> <span class='ocrx_word' id='word_1_224' title='bbox 650 1986 765 2010; x_wconf 87' lang='lat' dir='ltr'>unam</span> <span class='ocrx_word' id='word_1_225' title='bbox 786 1985 833 2009; x_wconf 90' lang='lat' dir='ltr'>ex</span> <span class='ocrx_word' id='word_1_226' title='bbox 854 1977 933 2009; x_wconf 88' lang='lat' dir='ltr'>tam</span> <span class='ocrx_word' id='word_1_227' title='bbox 953 1971 1087 2008; x_wconf 87' lang='lat' dir='ltr'>multis</span> <span class='ocrx_word' id='word_1_228' title='bbox 1112 1969 1323 2008; x_wconf 82' lang='lat' dir='ltr'>orationem</span> <span class='ocrx_word' id='word_1_229' title='bbox 1351 1969 1433 2016; x_wconf 89' lang='lat' dir='ltr'>ejus</span> <span class='ocrx_word' id='word_1_230' title='bbox 1460 1980 1540 2017; x_wconf 88' lang='lat' dir='ltr'>per-</span> 
     </span>
     <span class='ocr_line' id='line_1_31' title="bbox 258 2030 1541 2087; baseline -0.008 -10"><span class='ocrx_word' id='word_1_231' title='bbox 258 2039 436 2087; x_wconf 76' lang='lat' dir='ltr'>scribere,</span> <span class='ocrx_word' id='word_1_232' title='bbox 455 2038 524 2074; x_wconf 88' lang='lat' dir='ltr'>⁴ac</span> <span class='ocrx_word' id='word_1_233' title='bbox 554 2036 795 2086; x_wconf 88' lang='lat' dir='ltr'>potissimum</span> <span class='ocrx_word' id='word_1_234' title='bbox 826 2047 870 2072; x_wconf 87' lang='lat' dir='ltr'>ea</span> <span class='ocrx_word' id='word_1_235' title='bbox 900 2035 1036 2083; x_wconf 85' lang='lat' dir='ltr'>dicam,</span> <span class='ocrx_word' id='word_1_236' title='bbox 1065 2046 1151 2084; x_wconf 83' lang='lat' dir='ltr'>quae</span> <span class='ocrx_word' id='word_1_237' title='bbox 1179 2032 1219 2070; x_wconf 91' lang='lat' dir='ltr'>in</span> <span class='ocrx_word' id='word_1_238' title='bbox 1249 2030 1428 2069; x_wconf 85' lang='lat' dir='ltr'>concione</span> <span class='ocrx_word' id='word_1_239' title='bbox 1455 2035 1541 2080; x_wconf 89' lang='lat' dir='ltr'>post</span> 
     </span>
     <span class='ocr_line' id='line_1_32' title="bbox 258 2095 1231 2147; baseline -0.009 -7"><span class='ocrx_word' id='word_1_240' title='bbox 258 2101 426 2140; x_wconf 86' lang='lat' dir='ltr'>reditum</span> <span class='ocrx_word' id='word_1_241' title='bbox 447 2099 594 2136; x_wconf 78' lang='lat' dir='ltr'>Bestiae</span> <span class='ocrx_word' id='word_1_242' title='bbox 612 2098 877 2147; x_wconf 90' lang='lat' dir='ltr'>hujuscemodi</span> <span class='ocrx_word' id='word_1_243' title='bbox 895 2097 1022 2135; x_wconf 85' lang='lat' dir='ltr'>verbis</span> <span class='ocrx_word' id='word_1_244' title='bbox 1042 2095 1231 2134; x_wconf 88' lang='lat' dir='ltr'>disseruit.</span> 
     </span>
    </p>

    <p class='ocr_par' dir='ltr' id='par_1_5' title="bbox 261 2156 1544 2405">
     <span class='ocr_line' id='line_1_33' title="bbox 340 2156 1543 2207; baseline -0.007 -6"><span class='ocrx_word' id='word_1_245' title='bbox 340 2163 496 2202; x_wconf 88' lang='lat' dir='ltr'>XXXI.</span> <span class='ocrx_word' id='word_1_246' title='bbox 527 2163 693 2199; x_wconf 83' lang='lat' dir='ltr'>“Multa</span> <span class='ocrx_word' id='word_1_247' title='bbox 720 2175 780 2199; x_wconf 90' lang='lat' dir='ltr'>me</span> <span class='ocrx_word' id='word_1_248' title='bbox 810 2162 1086 2199; x_wconf 76' lang='lat' dir='ltr'>¹dehortantur</span> <span class='ocrx_word' id='word_1_249' title='bbox 1113 2173 1135 2196; x_wconf 83' lang='lat' dir='ltr'>a</span> <span class='ocrx_word' id='word_1_250' title='bbox 1162 2157 1281 2207; x_wconf 85' lang='lat' dir='ltr'>vobis,</span> <span class='ocrx_word' id='word_1_251' title='bbox 1301 2156 1484 2205; x_wconf 85' lang='lat' dir='ltr'>Quirites,</span> <span class='ocrx_word' id='word_1_252' title='bbox 1501 2156 1543 2194; x_wconf 90' lang='lat' dir='ltr'>ni</span> 
     </span>
     <span class='ocr_line' id='line_1_34' title="bbox 261 2220 1543 2275; baseline -0.008 -9"><span class='ocrx_word' id='word_1_253' title='bbox 261 2228 432 2267; x_wconf 88' lang='lat' dir='ltr'>studium</span> <span class='ocrx_word' id='word_1_254' title='bbox 465 2226 522 2264; x_wconf 86' lang='lat' dir='ltr'>rei</span> <span class='ocrx_word' id='word_1_255' title='bbox 551 2226 716 2275; x_wconf 85' lang='lat' dir='ltr'>publicae</span> <span class='ocrx_word' id='word_1_256' title='bbox 747 2225 874 2262; x_wconf 88' lang='lat' dir='ltr'>omnia</span> <span class='ocrx_word' id='word_1_257' title='bbox 904 2228 1067 2274; x_wconf 87' lang='lat' dir='ltr'>superet,</span> <span class='ocrx_word' id='word_1_258' title='bbox 1089 2234 1180 2272; x_wconf 89' lang='lat' dir='ltr'>opes</span> <span class='ocrx_word' id='word_1_259' title='bbox 1208 2220 1397 2268; x_wconf 86' lang='lat' dir='ltr'>factionis,</span> <span class='ocrx_word' id='word_1_260' title='bbox 1415 2224 1543 2258; x_wconf 85' lang='lat' dir='ltr'>vestra</span> 
     </span>
     <span class='ocr_line' id='line_1_35' title="bbox 262 2282 1544 2342; baseline -0.006 -14"><span class='ocrx_word' id='word_1_261' title='bbox 262 2291 462 2342; x_wconf 83' lang='lat' dir='ltr'>patientia,</span> <span class='ocrx_word' id='word_1_262' title='bbox 489 2291 552 2339; x_wconf 88' lang='lat' dir='ltr'>jus</span> <span class='ocrx_word' id='word_1_263' title='bbox 589 2288 749 2336; x_wconf 75' lang='lat' dir='ltr'>nullum,</span> <span class='ocrx_word' id='word_1_264' title='bbox 780 2301 822 2324; x_wconf 89' lang='lat' dir='ltr'>ac</span> <span class='ocrx_word' id='word_1_265' title='bbox 860 2288 1038 2335; x_wconf 83' lang='lat' dir='ltr'>maxime,</span> <span class='ocrx_word' id='word_1_266' title='bbox 1066 2284 1167 2336; x_wconf 89' lang='lat' dir='ltr'>quod</span> <span class='ocrx_word' id='word_1_267' title='bbox 1198 2283 1426 2321; x_wconf 78' lang='lat' dir='ltr'>innocentiae</span> <span class='ocrx_word' id='word_1_268' title='bbox 1457 2282 1544 2332; x_wconf 83' lang='lat' dir='ltr'>plus</span> 
     </span>
     <span class='ocr_line' id='line_1_36' title="bbox 262 2345 1544 2405; baseline -0.009 -13"><span class='ocrx_word' id='word_1_269' title='bbox 262 2354 425 2405; x_wconf 89' lang='lat' dir='ltr'>periculi</span> <span class='ocrx_word' id='word_1_270' title='bbox 444 2365 558 2404; x_wconf 85' lang='lat' dir='ltr'>quam</span> <span class='ocrx_word' id='word_1_271' title='bbox 577 2351 723 2389; x_wconf 67' lang='lat' dir='ltr'>honori!</span> <span class='ocrx_word' id='word_1_272' title='bbox 749 2355 816 2388; x_wconf 90' lang='lat' dir='ltr'>est.</span> <span class='ocrx_word' id='word_1_273' title='bbox 875 2350 976 2388; x_wconf 87' lang='lat' dir='ltr'>Nam</span> <span class='ocrx_word' id='word_1_274' title='bbox 996 2348 1065 2387; x_wconf 84' lang='lat' dir='ltr'>illa</span> <span class='ocrx_word' id='word_1_275' title='bbox 1091 2347 1246 2398; x_wconf 87' lang='lat' dir='ltr'>quidem</span> <span class='ocrx_word' id='word_1_276' title='bbox 1274 2346 1380 2397; x_wconf 85' lang='lat' dir='ltr'>piget</span> <span class='ocrx_word' id='word_1_277' title='bbox 1407 2345 1544 2394; x_wconf 85' lang='lat' dir='ltr'>dicere,</span> 
     </span>
    </p>
   </div>
  </div>
 </body>
</html>
