1566 2586
858 0 933 13 ’Ψ
1025 0 1566 118 ’ΨΜ-ἠ

1531 65 1535 72 .

187 199 255 234 114
529 210 569 234 c.
620 208 797 234 onrsm
843 208 1123 234 SALLusru

176 324 250 349 non
279 315 337 348 est
368 311 580 359 consilium,
601 311 781 356 Quirites.
839 310 926 347 Illis
957 309 1109 346 difficile
1131 314 1195 346 est
1225 307 1263 346 in
1292 312 1455 359 potesta-

178 375 281 412 tibus
301 377 635 424 ⁹te111pera1·e,qui
662 387 728 423 per
757 374 1003 410 ambitionem
1033 384 1114 409 sese
1141 372 1277 421 probos
1305 371 1456 409 simula-

178 451 284 476 vere:
316 438 422 486 mihi,
442 438 507 488 qui
528 451 675 474 omnem
696 442 848 474 aetatem
871 436 909 472 in
929 435 1084 485 optimis
1104 435 1251 472 artibus
1270 435 1341 484 egi,
1360 435 1455 472 bene

177 501 301 538 faeere
336 502 415 549 jani
454 514 501 537 ex
532 500 805 537 consuetudine
839 499 876 535 in
910 504 1084 535 naturam
1118 499 1243 535 vertit.
1301 497 1456 535 Bellum

178 577 237 600 me
269 576 400 612 gerere
434 576 519 599 eum
553 562 751 611 ‘Iugurtha
785 561 980 610 jussistis;
1021 574 1134 611 quam
1164 573 1244 597 rem
1276 559 1456 597 nobilitas

177 627 375 676 aegerrime
397 626 496 662 tulit.
539 625 686 674 Quaeso,
705 630 879 674 reputate
900 637 984 661 oum
1005 624 1140 661 animis
1158 623 1307 671 vestris,
1328 624 1353 641 ¹⁰
1366 636 1455 659 num

178 690 217 726 id
250 689 390 726 mutari
421 689 559 726 melius
590 689 650 736 sit,
671 689 702 725 si
728 701 839 739 quem
861 701 908 724 ex
928 687 994 724 illo
1021 687 1134 736 globo
1164 686 1379 723 nobilitatis
1409 685 1457 722 ad

179 752 249 789 hoo
270 758 336 789 aut
357 752 462 789 aliud
482 752 558 789 tale
579 751 775 801 negotium
797 751 974 799 mittatis,
994 751 1182 787 hominem
1207 749 1350 787 veteris
1378 761 1458 798 pro—

179 815 294 865 sapiae
314 828 356 852 ac
376 815 583 852 multarum
614 814 823 863 imaginum
854 819 893 850 et
922 813 1066 850 nullius
1098 811 1292 861 stipendii,
1311 811 1458 848 scilieet

181 885 223 916 ut
243 879 280 916 in
303 884 410 916 tanta
429 891 468 915 re
490 879 643 927 ignarus
663 877 831 914 omnium
858 876 1036 925 trepidet,
1055 875 1223 923 festinet,
1243 879 1368 911 sumat
1394 873 1459 911 ali-

182 956 293 994 quem
315 956 362 980 ex
381 942 519 992 populo
538 942 764 979 monitorem
787 940 897 977 officii
917 940 985 976 sui.
1032 939 1108 976 ‘Ita
1126 938 1349 988 plerumque
1377 949 1459 975 eve-

181 1007 248 1055 nit,
259 1012 314 1055 ut,
334 1019 447 1057 quem
467 1018 534 1043 vos
554 1005 822 1054 imperatorem
839 1003 1022 1052 jussistis,
1037 1002 1068 1038 is
1089 993 1163 1039 sibi
1191 1001 1459 1050 imperatorem

180 1070 300 1107 alium
332 1074 489 1119 quaerat.
546 1068 677 1118 Atque
711 1080 780 1116 ego
812 1066 900 1114 seio,
934 1065 1117 1111 QuiriteS,
1149 1063 1226 1114 qui,
1258 1068 1459 1113 postquam

180 1132 354 1170 consules
383 1131 477 1168 faeti
505 1135 605 1178 sunt,
624 1135 709 1166 aeta
739 1130 926 1177 majorum
957 1132 996 1164 et
1026 1126 1245 1164 Graecorum
1275 1124 1461 1162 militaria

179 1199 370 1246 praecepta
406 1194 532 1244 legere
574 1192 776 1242 coeperint,
826 1193 850 1209 ¹¹
866 1190 1088 1240 praeposteri
1131 1189 1325 1237 homines;
1372 1200 1460 1224 nam

180 1269 312 1307 gerere
331 1269 445 1307 quam
464 1255 546 1292 fieri
565 1260 734 1303 tempore
754 1253 953 1303 posterius,
972 1265 1013 1289 re
1033 1256 1147 1301 atque
1166 1263 1238 1287 usu
1257 1250 1362 1299 prius
1389 1254 1457 1286 est.

183 1319 410 1368 Comparate
430 1330 541 1365 nuno,
562 1316 746 1365 Quirites,
765 1328 849 1352 eum
871 1315 1025 1352 illorum
1053 1312 1229 1362 superbia.
1256 1325 1316 1348 me
1343 1311 1460 1349 homi-

180 1395 267 1420 nem
306 1395 455 1419 novum.
513 1379 647 1424 ¹²Quae
684 1379 743 1415 illi
777 1378 908 1415 audire
942 1382 980 1414 et
1012 1376 1138 1425 legere
1167 1375 1302 1424 solent,
1330 1387 1459 1412 eorum

181 1451 328 1496 partem
348 1445 439 1494 vidi,
459 1444 535 1481 alia
555 1447 705 1492 egomet
723 1442 823 1491 gessi
841 1455 847 1478 :
869 1454 953 1492 quae
972 1440 1032 1477 illi
1051 1439 1203 1488 litteris,
1219 1452 1263 1476 ea
1283 1451 1351 1488 ego
1364 1438 1461 1475 mili-

183 1509 299 1546 tando
326 1507 453 1544 didici.
513 1507 624 1543 Nune
653 1518 720 1542 vos
751 1504 981 1552 existimate,
1000 1503 1102 1539 faeta
1131 1515 1179 1539 an
1210 1501 1313 1538 dicta
1340 1500 1461 1550 pluris

183 1572 269 1610 sint.
341 1569 600 1608 Contemnunt
633 1568 840 1605 novitatem
875 1579 1022 1614 meam3
1068 1577 1136 1614 ego
1171 1564 1324 1602 illorum
1360 1563 1460 1613 igna-

182 1635 307 1673 viam:
342 1633 436 1670 mihi
464 1633 626 1679 fortuna,
647 1631 724 1668 illis
753 1630 890 1680 probra
918 1629 1167 1678 objectantur.
1224 1626 1461 1678 Quamquam

184 1711 252 1748 ego
285 1703 462 1735 naturam
495 1709 609 1734 unam
644 1700 683 1732 et
713 1707 950 1732 communem
985 1692 1152 1730 omnium
1186 1691 1376 1740 existimo,
1395 1690 1463 1728 sed

186 1762 211 1779 ¹³
227 1760 479 1797 fortissimum
508 1770 695 1808 quemque
723 1756 1065 1805 generosissimum.
1124 1754 1183 1791 Ae
1213 1755 1238 1772 ¹⁴
1251 1753 1283 1791 si
1307 1754 1388 1802 jam
1416 1765 1463 1790 ex

183 1823 357 1873 patribus
386 1821 522 1859 Albini
552 1825 619 1856 aut
650 1819 794 1856 Bestiae
823 1818 943 1868 quaeri
972 1822 1110 1867 posset,
1137 1818 1271 1854 ‘mene
1301 1829 1348 1853 an
1376 1815 1463 1852 illos

184 1899 232 1923 ex
252 1898 290 1922 se
310 1884 417 1934 gigni
436 1883 662 1930 maluerint,’
683 1882 776 1931 quid
796 1893 1040 1930 responsuros
1068 1880 1236 1928 creditis,
1255 1879 1340 1928 nisi,
1360 1879 1462 1916 ‘sese

183 1949 325 1987 liberos
345 1960 457 1997 quam
478 1946 642 1995 optimos
663 1945 829 1982 voluisse
845 1945 871 1980 {2²
929 1943 1039 1988 Quod
1061 1943 1092 1980 si
1119 1944 1206 1992 jure
1228 1954 1288 1979 me
1307 1941 1463 1990 despici·
1520 1983 1524 1989 ,

184 2017 264 2060 unt,
283 2010 427 2048 faciant
456 2009 556 2045 idem
588 2008 798 2057 majoribus
828 2007 917 2056 suis,
936 2006 1085 2056 quibus,
1105 1999 1171 2043 uti*
1193 2004 1298 2055 mihi,
1317 2016 1363 2040 ex
1390 2004 1462 2040 vir-

186 2079 269 2112 tute
288 2073 470 2111 nobilitas
489 2072 610 2120 eoepit.
669 2071 851 2108 Invident
870 2069 1002 2107 honori
1023 2082 1105 2106 meo
1122 2081 1129 2117 ς
1160 2079 1248 2117 ergo
1265 2067 1462 2108 invideant

185 2137 320 2185 labori,
339 2134 576 2182 innoeentiae,
595 2134 775 2183 perieulis
807 2134 922 2170 etiam
953 2132 1058 2180 meis,
1077 2130 1255 2181 quoniam
1271 2127 1276 2131 ’
1285 2141 1353 2179 per
1383 2130 1462 2167 haec

186 2200 297 2236 illum
317 2197 408 2247 oepi.
466 2196 612 2234 Verum
633 2196 806 2232 homines
826 2194 994 2243 corrupti
1021 2192 1198 2242 superbia.
1226 2192 1281 2228 ita
1308 2197 1462 2229 aetatem

187 2267 317 2311 agunt,
336 2259 444 2311 quasi
471 2264 618 2297 vestros
647 2259 806 2295 honores
834 2261 1101 2304 contemnant3
1137 2255 1192 2292 ita
1219 2255 1288 2292 hos
1315 2259 1462 2304 petunt,

187 2324 296 2375 quasi
315 2323 472 2360 honeste
492 2321 668 2359 vixerint.
727 2321 762 2357 N
767 2334 799 2358 ae
819 2320 878 2356 illi
900 2320 926 2337 ¹⁵
939 2318 1027 2356 falsi
1046 2322 1146 2365 sunt,
1165 2317 1231 2367 qui
1254 2317 1462 2354 diversissi—

186 2400 269 2425 mas
288 2399 356 2439 ‚res
375 2386 518 2436 pariter
537 2390 769 2434 exspectant,
790 2383 951 2433 ignaviae
977 2381 1212 2431 voluptatem
1241 2386 1280 2418 et
1307 2380 1463 2430 praemia

1549 124 1566 157 τὲ
