1566 2586
185 159 256 196 106
532 172 574 197 c.
623 171 802 213 cn1sr1
849 171 1129 198 SALLUSTH

178 286 342 323 vescere,
362 273 462 311 ’alio
494 278 608 325 atque
640 274 715 311 alio
746 274 839 322 loco,
867 287 966 323 saepe
997 279 1129 311 contra
1159 274 1274 312 decus
1302 275 1462 327 regium,

176 343 292 375 noctu
312 337 560 388 requiescere,
580 338 774 374 interdum
804 351 934 375 somno
964 338 1122 387 excitus,
1143 339 1306 388 arreptis
1334 341 1463 389 armis,

177 400 385 438 tumultum
406 401 530 437 facere
549 414 555 448 3
587 402 642 437 ita
662 401 865 437 formidine
885 401 994 450 quasi
1015 401 1190 446 vecordia
1210 402 1408 451 exagitari.

255 464 455 501 LXXIII.
490 464 617 513 Igitur
639 464 834 512 Metellus,
853 464 920 500 ubi
941 463 987 499 de
1020 476 1109 500 casu
1140 464 1369 502 Bomilcaris
1400 466 1463 503 ¹et

177 526 319 564 indicio
339 527 530 576 patefacto
551 539 598 562 ex
618 526 788 575 perfugis
817 526 1006 575 cognovit,
1025 539 1167 574 rursus,
1188 531 1383 577 tamquam
1413 528 1462 565 ad

174 589 369 639 integrum
397 590 553 637 bellum,
573 594 709 625 cuncta
737 594 847 638 parat
875 588 1119 639 festinatque.
1177 589 1357 639 Marium,
1377 591 1462 627 fati-

173 658 328 702 gantem
370 653 416 689 de
454 652 701 702 profectione,
735 652 876 689 ²simul
910 657 948 689 et
986 652 1149 689 invitum
1189 658 1228 689 et
1266 653 1462 703 offensum,

175 716 249 754 sibi
286 729 419 765 parum
454 716 632 752 idoneum
668 720 785 763 ratus,
821 715 975 752 domum
1009 715 1187 753 dimittit.
1243 715 1297 752 Et
1326 716 1462 754 Romae

174 779 315 828 plebes,
337 779 515 827 ³litteris,
545 791 631 828 quae
661 778 708 815 de
744 778 905 815 Metello
940 791 982 814 ac
1017 778 1142 815 Mario
1176 778 1302 816 missae
1341 784 1462 830 erant,

174 842 349 891 cognitis,
379 842 525 879 volenti
558 842 683 878 animo
718 841 764 878 de
798 841 982 878 ambobus
1016 846 1248 890 acceperant.
1311 841 1462 892 ⁴Impe-

173 905 292 942 ratori
330 905 524 954 nobilitas,
557 918 643 955 quae
676 909 788 941 antea
822 904 961 952 decori,
995 904 1150 941 invidiae
1183 917 1288 942 esse:
1329 910 1369 943 at
1403 906 1461 943 illi

174 968 286 1004 alteri
319 969 470 1017 generis
504 968 704 1004 humilitas
737 967 906 1004 favorem
940 967 1167 1004 addiderat:
1211 974 1380 1004 ceterum
1419 969 1458 1006 in

173 1035 335 1081 utroque
370 1031 491 1080 magis
522 1031 651 1068 studia
684 1030 865 1079 partium,
893 1043 1007 1080 quam
1043 1030 1142 1067 bona
1170 1035 1237 1066 aut
1265 1030 1366 1067 mala
1394 1043 1462 1068 sua

173 1094 379 1132 moderata.
438 1094 633 1131 Praeterea
665 1093 838 1130 seditiosi
868 1093 1118 1142 magistratus
1148 1093 1304 1142 vulgum
1337 1094 1463 1143 exagi-

175 1161 267 1205 tare,
308 1156 538 1193 ‘’Metellum
577 1156 754 1193 omnibus
800 1155 1044 1192 concionibus
1083 1155 1222 1204 capitis
1259 1167 1462 1205 arcessere,

178 1220 290 1257 Marii
324 1221 508 1258 virtutem
545 1221 581 1257 in
616 1223 741 1269 majus
773 1219 975 1257 celebrare.
1045 1219 1219 1269 Denique
1247 1219 1378 1269 plebes
1407 1220 1461 1257 sic

171 1295 339 1330 accensa,
359 1284 417 1320 uti
446 1283 599 1332 opifices
628 1288 873 1332 agrestesque
902 1294 1043 1331 omnes,
1067 1294 1227 1332 quorum
1249 1283 1334 1319 ‘'res
1354 1283 1460 1319 fides-

171 1347 302 1397 quein
330 1347 506 1384 manibus
535 1347 619 1384 sitae
649 1352 767 1393 erant,
787 1346 933 1383 relictis
963 1346 1151 1395 operibus,
1171 1342 1462 1397 frequentarent

173 1408 353 1455 Marium,
381 1414 420 1446 et
453 1422 521 1446 sua
553 1408 767 1445 necessaria
800 1414 886 1457 post
915 1408 1020 1445 illius
1049 1408 1228 1445 honorem
1264 1409 1456 1446 ducerent.

173 1470 247 1519 Ita,
285 1472 460 1521 perculsa
495 1472 710 1519 nobilitate,
749 1472 859 1520 ⁷post
897 1471 1039 1508 multas
1077 1476 1326 1520 tempestates
1364 1483 1459 1508 novo

171 1533 317 1572 homini
344 1535 564 1572 consulatus
584 1534 811 1582 mandatur,
838 1539 887 1569 ‘et
906 1539 1037 1582 postea
1064 1533 1238 1583 populuS‚
1256 1547 1278 1570 a
1306 1533 1460 1570 tribuno

171 1598 294 1647 plebis
333 1598 494 1634 Manilio
534 1597 712 1634 Mancino
746 1601 912 1645 rogatus,
941 1598 1075 1646 ‘quem
1113 1596 1231 1633 vellet
1267 1608 1352 1632 cum
1391 1596 1461 1634 Ju-

170 1661 311 1710 gurtha
326 1661 470 1698 bellum
491 1663 644 1710 gerere,⁷
658 1660 837 1710 frequens
855 1659 1020 1695 Marium
1039 1659 1164 1708 jussit.
1209 1658 1284 1697 Sed
1305 1665 1460 1696 senatus

170 1725 283 1775 paulo
304 1730 392 1761 ante
415 1725 575 1761 Metello
597 1725 608 1741 ⁵
625 1724 846 1760 decreverat
863 1736 869 1758 :
901 1735 944 1759 ea
964 1735 1024 1759 res
1043 1723 1187 1759 frustra
1206 1722 1291 1759 fuit.

250 1787 444 1824 LXXIV.
489 1787 636 1824 Eodem
674 1792 845 1835 tempore
885 1785 1093 1834 Jugurtha,
1125 1785 1276 1822 amissis
1313 1784 1458 1833 amicis,

171 1863 330 1901 quorum
351 1850 551 1899 plerosque
579 1849 659 1898 ipse
687 1853 900 1897 necaverat,
921 1849 1039 1885 ceteri
1068 1848 1283 1896 formidine,
1302 1861 1391 1898 pars
1411 1847 1459 1885 ad

170 1913 376 1961 Romanos,
393 1912 459 1949 alii
482 1914 491 1930 ¹
506 1912 554 1949 ad
574 1925 702 1961 regem
722 1911 915 1948 Bocchum
931 1912 1190 1960 profugerant,
1204 1924 1320 1961 quum
1338 1923 1458 1960 neque

172 1975 315 2015 bellum
345 1975 427 2025 geri
459 1975 540 2012 sine
569 1975 807 2012 administris
838 1980 976 2024 posset,
997 1980 1036 2011 et
1066 1987 1247 2011 novorum
1278 1973 1389 2010 fidem
1419 1973 1458 2010 in

172 2044 279 2076 tanta
309 2038 468 2088 perfidia
496 2044 669 2076 veterum
701 2038 866 2087 experiri
897 2038 1152 2087 periculosum
1185 2037 1352 2083 duceret,
1373 2036 1456 2074 2va-

170 2102 250 2140 rius
270 2102 512 2152 incertusque
533 2102 716 2151 agitabat.
758 2103 769 2119 ³
786 2102 921 2151 Neque
942 2101 999 2138 illi
1019 2113 1091 2149 res,
1110 2112 1234 2150 neque
1254 2098 1456 2136 consilium

170 2171 238 2203 aut
257 2165 458 2216 quisquam
478 2165 673 2202 hominum
696 2165 790 2201 satis
806 2164 1005 2214 placebat:
1028 2163 1166 2199 itinera
1181 2162 1456 2211 praefectosque

171 2229 208 2266 in
238 2229 320 2266 dies
351 2234 522 2276 mutare3
557 2227 668 2264 modo
700 2228 901 2264 adversum
931 2226 1070 2274 hostes,
1090 2225 1283 2262 interdum
1304 2223 1342 2260 in
1371 2223 1456 2260 soli-

173 2292 325 2330 tudines
344 2304 501 2342 pergere
519 2304 525 2341 ;
557 2303 654 2340 saepe
676 2291 713 2327 in
734 2291 835 2339 fuga,
856 2303 898 2326 ac
917 2295 1003 2338 post
1023 2288 1135 2338 paulo
1157 2288 1194 2324 in
1214 2287 1454 2336 armis.spem

169 2353 333 2406 habere;
367 2355 556 2404 dubitare,
574 2353 711 2392 virtuti
739 2366 787 2391 an
817 2353 892 2392 fide
918 2351 1158 2405 popularium
1184 2351 1311 2388 minus
1330 2349 1456 2388 erede·
