1586 2586
670 163 950 192 cATIL1NA.
1422 154 1461 189 2.

153 273 263 312 illius
309 272 528 325 potentiam
567 283 752 320 crescere,
787 269 905 308 simul
949 269 1146 319 confisum,
1181 268 1214 306 si
1253 268 1470 318 conjuratio

151 337 353 399 valuisset,
373 337 489 375 facile
510 336 614 388 apud
634 335 723 374 illos
743 335 958 386 principem
982 347 1022 372 se
1043 334 1135 371 fore.

319 403 401 443 ΙΙΙ.
435 402 514 442 Sed
537 404 546 420 ¹
561 407 676 440 antea
697 402 792 439 item
813 402 1066 450 conjuravere
1086 399 1201 450 pauci
1233 403 1369 436 contra
1388 411 1470 436 rem
1529 428 1531 430 .

153 468 364 520 publicam,
398 468 438 505 in
472 468 616 519 quibus
653 466 826 519 Catilina
860 466 957 503 fuit:
990 465 1064 502 ²de
1085 477 1173 515 qua,
1202 476 1319 515 quam
1353 462 1471 500 veris-

154 534 252 572 sime
272 538 418 584 potero,
439 533 577 570 dicam.
638 532 680 569 L.
706 531 823 569 Tullo
851 536 892 568 et
913 530 965 568 M.
992 529 1142 580 Lepido
1164 527 1403 577 consulibus,
1425 527 1464 565 P.

155 599 374 638 Autronius
394 604 434 637 et
455 599 499 637 P.
524 598 647 647 Sulla,
669 598 680 616 ³
695 597 891 648 designati
913 595 1101 645 consules,
1123 594 1278 645 legibus
1298 593 1471 632 ambitus

153 663 387 714 interrogati
415 676 547 714 poenas
581 663 779 701 dederant.
841 662 938 700 Post
972 660 1089 711 paulo
1121 659 1305 709 Catilina,
1334 658 1470 709 ⁴pecu-

153 729 308 767 uiarum
349 728 655 779 repetundarum
701 741 802 776 reus,
840 726 1063 778 prohibitus
1101 730 1186 763 erat
1225 723 1470 762 consulatum

153 798 298 844 petere,
318 792 421 844 quod
443 792 547 829 intra
567 792 765 842 legitimos
786 791 869 828 dies
889 790 1063 842 profiteri
1084 789 1323 841 nequiverat.
1373 788 1472 826 Erat

154 857 290 896 codem
322 862 497 908 tempore
520 856 587 896 Cn.
613 857 717 903 Piso,
738 856 965 894 adolescens
998 855 1153 904 nobilis,
1174 867 1337 892 summae
1356 853 1472 890 auda-

154 922 237 972 ciae,
257 935 386 973 egens,
405 922 604 971 factiosus,
623 935 738 973 quem
760 921 809 958 ad
841 920 1145 971 perturbandam
1168 932 1251 957 rem
1271 918 1470 970 publicam

154 987 286 1038 inopia
305 993 423 1039 atque
443 987 538 1026 mali
565 1001 693 1026 mores
725 987 994 1026 stimula-bant.
1056 987 1067 1003 ⁵
1083 985 1181 1024 Cum
1203 985 1274 1023 hoc
1297 984 1471 1023 Catilina

156 1057 197 1091 et
218 1053 436 1091 Autronius
468 1053 624 1090 circiter
653 1065 776 1091 nonas
808 1052 1057 1100 Decembres,
1077 1051 1240 1089 consilio
1261 1050 1471 1088 communi-

157 1122 255 1166 cato,
275 1117 466 1168 parabant
497 1117 536 1154 in
567 1117 764 1168 Capitolio
797 1116 993 1155 Kalendis
1014 1117 1043 1154 J
1048 1116 1221 1154 anuariis
1242 1115 1285 1153 L.
1312 1114 1471 1154 Cottam

156 1187 196 1220 et
217 1182 260 1220 L.
285 1181 526 1234 Torquatum
550 1181 728 1221 consules
749 1182 989 1231 interficere3
1022 1181 1106 1232 ipsi,
1127 1181 1300 1227 fascibus
1321 1194 1471 1232 correp-

154 1246 218 1296 tis,
239 1246 423 1284 Pisonem
456 1259 543 1284 cum
575 1247 752 1284 exercitu
785 1247 833 1284 ad
865 1246 1100 1284 obtinendas
1121 1246 1218 1284 duas
1254 1245 1471 1296 Hispanias

153 1314 322 1350 mittere.
381 1313 392 1330 ⁶
407 1312 467 1350 Ea
501 1325 540 1350 re
575 1313 743 1362 cognita,
764 1326 899 1350 rursus
926 1312 966 1349 in
986 1325 1107 1350 nonas
1129 1311 1364 1350 Februarias
1385 1324 1470 1349 con·

153 1377 286 1415 silium
299 1377 424 1415 ‘caedis
446 1378 740 1416 transtulerant.
787 1378 815 1416 J
820 1392 879 1416 am
903 1383 988 1416 tum
1007 1391 1084 1415 non
1101 1377 1328 1416 consulibus
1343 1377 1470 1427 modo,

153 1441 220 1479 sed
239 1440 436 1492 plerisque
455 1442 700 1480 senatoribus
720 1443 932 1492 perniciem
950 1442 1285 1480 machinabantur.
1319 1441 1470 1488 ⁷Quod-

151 1507 192 1547 ni
215 1507 388 1547 Catilina
408 1514 646 1546 maturasset
674 1522 743 1559 pro
773 1509 880 1546 curia
902 1509 1057 1559 signum
1078 1508 1194 1546 sociis
1215 1508 1320 1558 dare,
1340 1521 1385 1546 eo
1406 1508 1469 1546 die

150 1578 240 1624 post
267 1573 464 1611 conditam
495 1576 633 1611 urbem
656 1574 822 1611 Romam
847 1574 1060 1624 pessimum
1094 1572 1247 1611 facinus
1267 1578 1468 1623 patratum

151 1635 263 1674 foret.
322 1635 424 1682 Quia
443 1636 615 1674 nondum
636 1637 862 1688 frequentes
882 1637 1025 1674 armati
1046 1641 1320 1686 convenerant,
1341 1649 1387 1674 ea
1406 1649 1469 1674 res

155 1697 170 1718 ⁸
183 1699 388 1738 consilium
406 1698 574 1736 diremit.

233 1763 351 1803 XIX.
397 1765 544 1803 Postea
575 1765 669 1803 Piso
700 1765 740 1803 in
772 1765 994 1804 citeriorem
1028 1766 1263 1817 Hispaniam
1296 1770 1469 1817 quaestor

154 1831 164 1848 ¹
177 1843 246 1880 pro
266 1835 432 1880 praetore
452 1830 594 1868 missus
616 1835 687 1879 est,
707 1830 910 1868 adnitente
934 1830 1087 1882 Crasso,
1106 1831 1211 1882 quod
1233 1844 1322 1869 eum
1352 1831 1467 1869 infes-

151 1900 236 1934 tum
270 1894 471 1933 inimicum
509 1894 576 1934 On.
615 1896 802 1946 Pompeio
838 1902 1086 1946 cognoverat.
1159 1897 1299 1948 Neque
1334 1902 1467 1935 tamen

151 1965 309 2017 senatus
341 1961 580 2011 provinciam
611 1961 758 2000 invitus
790 1961 972 2012 dederat,
1003 1962 1146 2014 quippe
1177 1963 1323 2001 foedum
1345 1963 1468 2002 homi-

150 2039 239 2063 nem
260 2039 283 2063 a
302 2039 343 2063 re
369 2025 527 2076 publica
546 2026 681 2076 procul
700 2039 784 2065 esse
796 2027 975 2077 volebat,
1006 2027 1123 2066 simul
1143 2028 1236 2080 quia
1255 2028 1348 2067 boni
1369 2041 1468 2066 com-

151 2089 282 2141 plures
323 2090 335 2108 ²
349 2090 574 2141 praesidium
610 2090 650 2128 in
684 2104 728 2129 eo
761 2092 965 2142 putabant,
986 2097 1026 2130 et
1055 2094 1136 2143 jam
1172 2098 1255 2131 tum
1290 2093 1467 2146 potentia

154 2154 335 2206 Pompeii
365 2155 630 2202 formidolosa,
651 2161 744 2193 erat.
781 2156 880 2199 ‚Sed
911 2157 945 2195 is
978 2157 1071 2196 Piso
1101 2158 1166 2196 ³in
1194 2157 1394 2208 provincia
1414 2157 1464 2196 ab

151 2220 350 2272 equitibus
382 2220 586 2270 Hispanis,
606 2233 704 2272 quos
723 2221 772 2260 *in
793 2222 970 2260 exercitu
1002 2222 1202 2272 ductabat,
1221 2222 1300 2260 iter
1318 2222 1466 2262 faciens

151 2285 301 2324 occisus
334 2291 403 2324 est.
461 2285 591 2325 “Sunt
624 2286 692 2338 qui
725 2287 782 2325 ita
815 2287 964 2338 dicunt,
985 2288 1151 2339 imperia
1186 2290 1272 2339 ejus
1306 2287 1465 2339 injusta,

77 2398 87 2410 η
119 2360 131 2375 ⁷¹
151 2349 329 2400 superba,
363 2349 540 2388 crudelia
573 2349 760 2389 barbaros
792 2351 1016 2403 nequivisse
1055 2351 1160 2402 pati,
1216 2351 1287 2390 alii
1319 2356 1465 2402 autem,

153 2412 303 2465 equites
322 2413 424 2466 illos,
444 2413 512 2454 On.
537 2414 715 2466 Pompeii
748 2420 901 2455 veteres
929 2416 1104 2468 fidosque
1136 2416 1313 2467 clientes,
1332 2417 1464 2456 volun-
