1572 2592
1223 0 1238 10 τ
1303 0 1572 86 ’ζᾞη

1352 20 1369 27 -·-
1527 26 1529 31 ,

167 167 216 204 36
514 180 555 203 e.
607 181 786 205 cn1sr1
834 182 1116 208 SALLusru
1319 216 1321 218 ¹
1543 191 1572 211 ι’

168 279 316 318 Mulvio
345 293 412 330 per
444 280 604 318 insidias
625 281 881 332 Allobrogum
902 283 1107 320 comitatus
1137 283 1448 335 deprehende-nm

166 355 246 379 rem
275 355 426 380 omnem
456 344 590 392 aperit,
621 346 730 392 cujus
759 346 886 394 gratia
917 345 1195 394 mittebantur;
1225 351 1364 396 cetera,
1391 346 1451 387 uti

166 405 266 442 facto
298 419 392 454 opus
420 406 483 454 sit,
508 406 563 442 ita
594 412 722 455 agant,
751 407 955 456 permittit.
1012 408 1120 460 ²Illi,
1153 408 1324 446 homines
1353 409 1451 446 mili-

167 474 279 517 zares,
300 469 380 505 sine
411 469 582 506 tumultu
616 470 805 518 praesidiis
837 471 1045 520 collocatis,
1075 471 1189 509 sicuti
1217 477 1448 522 praeceptum

167 537 262 581 erat,
296 532 445 569 occulte
484 538 637 582 pontem
673 533 864 570 obsidunt.
950 533 1160 584 Postquam
1200 535 1273 572 ἐπὶ
1302 534 1342 572 id
1376 534 1450 572 loci

181 595 283 644 egati
316 607 402 632 cum
423 595 629 632 Volturcio
649 601 848 645 venerunt,
869 601 908 633 et
940 596 1054 634 simul
1083 597 1277 648 utrimque
1308 597 1452 635 clamor

166 663 320 695 exortus
352 663 421 705 est,
441 657 558 706 Galli,
578 659 654 694 cito
683 658 835 707 cognito
866 659 1037 708 consilio,
1057 660 1138 696 sine
1159 672 1263 696 mora
1281 659 1452 708 praetori-

166 722 236 759 bus
257 735 295 758 se
317 722 485 758 tradunt.
544 722 770 759 Volturcius
801 723 934 772 primo,
950 724 1172 761 cohortatus
1197 729 1355 768 ceteros,
1374 722 1453 772 gla-

166 784 228 821 dio
250 798 287 820 se
305 798 326 821 a
342 785 593 822 multitudine
615 785 810 834 defendit,
835 786 981 834 deinde,
997 787 1064 824 ubi
1084 800 1105 823 a
1125 786 1264 836 legatis
1278 787 1452 824 desertus

167 854 235 895 est,
256 849 266 864 ⁴
282 847 404 884 inulta
423 849 529 897 prius
545 849 590 884 de
612 848 737 885 salute
757 861 824 885 sua
845 849 1093 898 Pomptinum
1109 849 1334 898 obtestatus,
1349 848 1452 899 quod
1548 870 1572 923 i

168 911 202 947 ei
223 917 336 948 notus
357 917 449 960 erat,
469 918 661 960 postremo
682 912 842 949 timidus
871 925 914 949 ac
933 914 1024 950 vitae
1044 913 1227 962 diffidens,
1245 913 1352 951 velut
1363 907 1452 950 bos-

167 974 270 1011 tibus
291 987 372 1011 sese
394 975 621 1023 praetoribus
642 975 759 1012 dedit.

245 1038 397 1075 XLVI.
431 1038 579 1083 Quibus
607 1040 722 1077 rebus
737 1041 930 1087 confectis,
951 1041 1078 1077 omnia
1097 1053 1256 1090 propere
1275 1053 1342 1090 per
1359 1053 1453 1077 nun-

167 1101 242 1137 tios
257 1101 404 1137 consuli
425 1101 677 1139 declarantur.
721 1103 778 1140 At
798 1103 908 1140 illum
927 1102 1061 1152 ingens
1076 1115 1166 1140 cura
1181 1108 1295 1153 atque
1315 1102 1454 1140 laetitia

168 1164 280 1200 simul
313 1176 566 1213 occupavere:
609 1179 697 1202 nam
729 1165 944 1214 laetabatur,
986 1165 1252 1215 ¹intellegens,
1281 1167 1439 1214 conjura

168 1227 273 1264 tione
307 1228 510 1276 patefacta,
544 1228 742 1265 civitatem
775 1228 957 1277 periculis
990 1233 1159 1277 ereptam
1193 1240 1296 1275 esse;
1341 1241 1452 1277 porro

167 1294 295 1326 autem
316 1290 453 1326 anxius
474 1295 567 1338 erat,
588 1290 781 1338 dubitans,
801 1291 840 1326 in
870 1290 1037 1327 maximo
1057 1289 1199 1327 scelere
1221 1290 1339 1328 tantis
1364 1290 1453 1328 civi-

168 1352 239 1390 bus
259 1352 517 1401 deprehensis,
536 1353 629 1403 quid
650 1353 752 1389 facto
772 1365 865 1401 opus
885 1357 1006 1400 esset;
1036 1365 1184 1402 poenam
1206 1353 1357 1390 illorum
1378 1353 1451 1391 sibi

168 1415 285 1463 oncri,
316 1415 587 1464 impunitatem
617 1415 850 1464 ²perdundae
879 1415 934 1451 rei
966 1415 1130 1464 publicae
1149 1416 1231 1452 fore
1259 1415 1450 1458 credebat.

169 1479 309 1528 Igitur,
330 1479 340 1496 ⁸
357 1479 579 1516 confirmato
600 1479 740 1527 animo,
759 1478 886 1516 vocari
919 1479 966 1515 ad
988 1491 1070 1515 sese
1098 1478 1212 1527 jubet
1232 1479 1453 1528 Lentulum,

170 1542 396 1591 Cethegum,
417 1542 629 1591 Statilium,
651 1542 870 1590 Gabinium,
891 1543 1059 1592 itemque
1090 1542 1292 1592 quemdam
1325 1541 1454 1592 Goepa-

167 1606 268 1642 rium
290 1605 615 1652 Terracinensem,
635 1605 700 1655 qui
721 1605 759 1641 in
780 1605 964 1653 Apuliam
984 1605 1032 1642 ad
1052 1605 1278 1642 concitanda
1297 1605 1454 1643 servitia

167 1667 355 1716 proficisci
386 1666 556 1716 parabat.
615 1666 745 1705 Ceteri
776 1667 857 1704 sine
887 1679 994 1703 mora
1022 1666 1203 1704 veniunt:
1246 1666 1478 1720 Goeparius„

168 1729 282 1779 paulo
308 1734 398 1766 ante
426 1729 538 1766 domo
569 1742 756 1778 egressus,
784 1729 963 1778 “cognito
993 1729 1147 1777 indicio,
1174 1742 1221 1766 ex
1250 1729 1344 1767 urbe
1374 1742 1454 1779 pro-

167 1792 329 1840 fugerat.
389 1790 534 1829 Oonsul
568 1791 789 1839 Lentulum,
810 1792 911 1842 quod
943 1796 1085 1840 praetor
1115 1796 1209 1840 erat,
1229 1791 1310 1841 ipse
1339 1805 1454 1829 manu

169 1859 303 1891 tenens
333 1853 372 1890 in
406 1859 580 1890 senatum
614 1854 810 1903 perducit;
842 1854 1010 1904 reliquos
1043 1866 1127 1890 cum
1159 1853 1382 1891 custodibus
1414 1853 1454 1891 in

169 1916 290 1953 aedem
327 1915 550 1954 Concordiae
590 1917 719 1954 venire
758 1917 878 1965 jubet.
951 1917 962 1934 ⁵
978 1916 1036 1953 Eo
1071 1921 1243 1954 senatum
1281 1916 1455 1966 advocat,

170 1991 382 2028 magnaque
402 1979 620 2028 frequentia
641 1980 724 2027 ejus
757 1979 913 2027 ordinis,
934 1979 1181 2016 Volturcium
1195 1990 1285 2018 ‚cum
1316 1977 1455 2028 legatis

171 2041 405 2089 introducit3
438 2041 619 2078 Flaccum
638 2046 840 2091 praetorem
861 2043 872 2059 ⁶
885 2041 1067 2078 scrinium
1087 2053 1173 2078 cum
1190 2039 1344 2090 litteris,
1359 2055 1455 2092 quas

171 2117 193 2140 a
212 2103 351 2152 legatis
371 2109 579 2152 acceperat,
599 2096 732 2142 eodem
755 2105 890 2141 afferre
906 2104 1027 2153 jubet.

249 2166 426 2204 XLVII.
460 2166 687 2204 Volturcius
707 2167 964 2216 interrogatus
983 2166 1030 2204 de
1058 2165 1207 2213 itinere,
1226 2165 1274 2203 de
1300 2165 1455 2215 litteris,

171 2234 362 2278 postremo
394 2229 521 2279 'quid,
551 2234 618 2266 aut
648 2243 723 2279 qua
754 2230 800 2266 de
831 2243 954 2278 causa,
973 2227 1122 2266 consilii
1150 2227 1358 2278 habuisset,
1382 2228 1455 2277 pri-

171 2304 233 2328 mo
270 2292 412 2340 fingere
449 2292 536 2340 alia,
570 2292 812 2329 dissimulare
850 2293 897 2330 de
934 2291 1218 2340 oonjuration03
1258 2296 1356 2340 post,
1387 2291 1455 2328 ubi

113 2370 115 2375 ⁴
172 2353 271 2391 ”fide
291 2354 444 2403 publica
465 2355 590 2393 dicere
615 2356 744 2404 jussus
765 2360 834 2404 est,
854 2354 991 2407 omnia,
1010 2353 1068 2391 uti
1096 2358 1206 2403 gesta
1234 2358 1353 2404 erant,
1372 2365 1454 2404 ape-
