1566 2586
160 151 230 188 108
507 163 549 187 c.
599 152 779 189 0'11181’1
825 164 1105 191 sannusru

151 278 212 302 res
231 265 396 302 multum
425 265 563 302 animis
583 279 712 303 eorum
742 267 916 316 addidit3
950 281 1037 304 nam
1067 267 1142 304 rati
1172 280 1254 305 sese
1285 267 1344 306 dis
1373 267 1425 306 im

153 329 381 366 mortalibus
397 341 497 365 curae
513 342 603 366 esse.
654 329 803 367 Deinde
819 336 970 379 postero
986 330 1059 379 die,
1073 335 1205 368 eontra
1221 320 1439 380 opinionem

151 390 370 440 «Iugurthae,
390 391 437 427 ad
467 391 627 428 Thalam
657 393 894 440 perveniunt.
955 392 1159 442 Oppidani,
1178 394 1243 444 qui
1272 406 1311 431 se
1340 393 1439 431 loco-

149 467 233 492 rum
255 454 461 503 asperitate
493 455 660 491 munitos
691 455 946 504 crediderant,
967 469 1104 504 magna
1135 461 1250 507 atque
1281 457 1440 494 insolita

149 531 189 555 re
226 517 403 567 perculsi,
436 517 557 554 nihilo
596 518 750 567 segnius
788 518 933 556 bellum
975 532 1132 568 parare:
1176 519 1279 557 idem
1317 520 1439 558 nostri

149 581 279 618 faeere.

229 643 419 680 LXXVI.
453 642 527 681 Sed
549 656 628 692 rex,
645 644 654 660 ¹
671 643 768 680 nihil
785 645 864 692 jam
887 643 1070 681 infectum
1088 644 1250 682 Metello
1265 644 1435 695 credens,

148 707 286 756 quippe
307 706 374 756 qui
404 706 541 754 omnia,
562 719 679 755 arma,
699 706 788 756 tela,
809 707 922 756 locos,
943 712 1126 757 tempora,
1147 708 1310 759 denique
1329 713 1438 746 natu-

148 783 226 806 ram
268 770 399 818 ipsam,
433 769 572 806 ceteris
606 769 902 819 imperitantem,
936 770 1127 807 industria
1161 771 1316 820 vicerat,
1349 783 1437 808 cum

148 833 280 871 liberis
300 838 339 869 et
357 846 496 882 magna
525 838 634 882 parte
664 833 836 882 pecuniae
867 846 913 870 ex
934 833 1072 883 oppido
1091 839 1207 871 noctu
1235 834 1433 884 profugit:

146 909 268 946 neque
288 901 420 945 postea
440 896 478 932 in
507 895 587 932 ullo
615 895 698 932 loeo
728 895 891 944 amplius
924 908 999 932 uno
1030 895 1092 933 die
1124 901 1190 932 aut
1221 909 1297 933 una
1324 900 1436 934 noete

147 965 328 1006 moratus,
349 958 557 996 simulabat
576 971 658 995 sese
679 958 824 1007 negotii
850 958 977 1007 gratia
1004 971 1207 1008 properare
1225 972 1231 1006 ;
1263 963 1434 996 ceterum

146 1022 402 1071 proditionem
423 1021 596 1070 timebat,
616 1034 731 1071 quam
751 1020 874 1058 vitare
894 1033 1002 1070 posse
1023 1021 1224 1058 eeleritate
1245 1022 1432 1071 putabat:

146 1099 233 1122 nam
255 1084 349 1121 talia
369 1083 529 1121 consilia
548 1097 615 1133 per
635 1083 757 1120 otium
778 1088 816 1120 et
843 1096 889 1120 ex
910 1083 1196 1132 opportunitate
1225 1083 1318 1134 oapi.
1377 1083 1435 1121 At

148 1148 343 1196 Metellus,
362 1147 430 1185 ubi
450 1147 658 1197 oppidanos
677 1146 811 1196 proelio
831 1147 1010 1195 intentos⁷
1030 1146 1145 1183 simul
1165 1147 1344 1196 oppidum
1369 1147 1381 1165 ²
1395 1153 1435 1184 et

146 1211 324 1261 operibus
346 1217 384 1247 et
405 1210 486 1247 loeo
506 1209 697 1246 munitum
726 1209 843 1257 videt,
863 1208 965 1246 vallo
993 1209 1169 1259 fossaque
1199 1210 1336 1246 moenia
1364 1210 1434 1248 oir-

146 1274 348 1311 oumvenit.
407 1273 556 1310 Deinde
584 1272 678 1309 locis
698 1272 771 1308 ³ex
799 1271 906 1321 copia
934 1271 1099 1308 maxime
1128 1271 1275 1308 idoneis
1302 1271 1433 1309 vineas

145 1349 270 1386 agere,
290 1348 468 1385 aggerem
485 1336 626 1384 jacere,
645 1339 684 1371 et
705 1346 816 1383 super
836 1346 1013 1382 aggerem
1033 1333 1222 1382 impositis
1250 1334 1432 1384 turribus,

145 1412 238 1449 opus
258 1404 297 1436 et
317 1398 564 1435 administros
585 1397 714 1434 tutari.
775 1395 918 1434 Contra
938 1395 1018 1433 haeo
1038 1396 1216 1446 oppidani
1237 1397 1432 1447 festinare,

145 1477 277 1514 parare
294 1478 300 1500 2
323 1464 334 1481 ⁴
348 1475 503 1513 prorsus
523 1462 570 1499 ab
590 1461 764 1511 utrisque
783 1460 880 1497 nihil
902 1460 1089 1510 reliquum
1107 1460 1197 1497 fieri.
1256 1460 1430 1511 Denique

145 1527 322 1574 Romani⁷
349 1526 469 1563 multo
508 1530 596 1562 ante
629 1524 759 1561 labore
794 1523 1012 1573 proeliisque
1043 1524 1208 1573 fatigati,
1228 1529 1314 1573 post
1348 1524 1430 1561 dies

149 1588 415 1639 quadraginta,
445 1599 558 1636 quam
589 1599 632 1623 eo
664 1590 819 1622 ventum
853 1590 946 1633 erat,
978 1584 1114 1634 oppido
1147 1584 1258 1622 modo
1288 1584 1425 1634 potiti;

149 1651 277 1700 praeda
308 1650 429 1686 omnis
466 1662 488 1686 a
523 1648 695 1698 perfugis
732 1653 916 1696 corrupta.
975 1647 1011 1684 Ii
1041 1653 1240 1697 postquam
1278 1660 1428 1684 murum

149 1717 163 1736 ⁵
179 1715 364 1751 arietibus
383 1713 490 1750 feriri
510 1725 645 1762 resque
665 1724 752 1748 suas
780 1713 793 1734 ⁸
811 1711 968 1748 afflictas
996 1711 1140 1759 vident,
1159 1724 1294 1748 aurum
1314 1716 1429 1761 atque

149 1782 349 1825 argentum
371 1781 409 1812 et
429 1775 515 1822 alia,
527 1787 613 1824 quae
631 1774 754 1823 prima
774 1773 976 1822 ducuntur,
997 1773 1149 1810 domum
1170 1772 1312 1822 regiam
1333 1785 1429 1809 com-

149 1845 326 1890 portant:
357 1839 411 1876 ibi
441 1838 529 1876 vino
561 1843 600 1874 et
630 1837 752 1887 epulis
783 1837 940 1885 onerati,
967 1837 1109 1887 illaque
1140 1841 1178 1874 et
1209 1836 1360 1874 domum
1390 1840 1429 1873 et

151 1907 272 1940 semet
302 1901 380 1950 igni
411 1905 678 1950 oorrumpunt3
710 1905 749 1936 et
778 1912 872 1950 quas
902 1900 994 1937 victi
1025 1900 1073 1937 ab
1103 1899 1276 1936 hostibus
1299 1911 1428 1948 poenas

151 1970 377 2009 metuerant,
397 1977 460 2001 eas
481 1964 552 2013 ipsi
572 1965 744 2002 volentes
764 1964 986 2013 pependere.

230 2027 446 2065 LXXVII.
480 2027 555 2065 Sed
574 2027 718 2076 pariter
750 2029 756 2049 ¹
778 2040 862 2063 eum
892 2033 1001 2076 capta
1023 2026 1144 2063 Thala
1163 2025 1280 2074 legati
1300 2037 1347 2061 ex
1366 2036 1427 2074 op-

151 2093 239 2142 pido
261 2091 374 2141 Lepti
408 2091 455 2128 ad
487 2091 689 2128 Metellum
710 2096 904 2139 venerant,
925 2095 1086 2138 orantes,
1106 2089 1186 2125 ‘uti
1203 2087 1424 2137 praesidium

151 2156 447 2205 praefectumque
479 2166 522 2190 eo
552 2154 749 2190 mitteret:
792 2153 1053 2190 Hamilcarem
1085 2151 1286 2202 quendam,
1305 2150 1425 2186 homi-

151 2231 237 2254 nem
275 2217 453 2266 nobilem²
489 2208 703 2264 factiosum,
741 2217 848 2253 novis
886 2215 997 2252 rebus
1027 2214 1191 2260 studere,
1224 2213 1424 2250 adversum

151 2293 263 2330 quem
297 2291 419 2329 neque
450 2278 608 2327 imperia
642 2278 933 2326 magistratuum
966 2288 1088 2325 neque
1109 2274 1211 2323 leges
1231 2274 1422 2310 valerent:

150 2343 190 2379 ni
210 2343 249 2379 id
269 2342 471 2379 festinaret
489 2341 528 2378 in
548 2353 694 2378 summo
714 2341 881 2390 periculo
910 2340 925 2361 ²
940 2351 1046 2376 suam
1074 2337 1250 2385 salutem,
1270 2336 1423 2374 illorum
