1526 2566
0 0 261 55 W*”·‘··
307 0 315 1 ’

241 152 258 164 .-

657 188 938 215 cantans.
1408 179 1459 217 37

141 293 218 343 rit5
249 292 440 345 docetque
461 293 524 331 ‘se
544 292 678 343 paucis
698 297 789 331 ante
809 293 949 331 diebus
969 307 992 330 a
1014 291 1181 331 Gabinio
1212 298 1251 329 et
1282 292 1460 343 Coepario

142 357 292 396 socium
312 356 507 395 adscitum
527 356 628 394 nihil
647 357 816 407 amplius
837 357 935 395 scire
955 370 1072 407 quam
1094 356 1267 406 legatos;
1292 362 1462 394 tantum-

142 421 259 459 modo
293 421 430 459 audire
464 421 626 460 solitum
647 435 696 459 ex
728 420 897 460 Gabinio
932 421 976 459 P.
1000 421 1254 470 Autronium,
1281 420 1461 459 Servium

146 485 309 535 Sullam,
330 487 373 523 L.
399 486 702 536 Vargunteium,
730 487 877 524 multos
911 492 1100 537 praeterea
1135 486 1174 523 in
1209 499 1254 524 ea
1287 488 1463 536 conjura-

143 550 251 588 tione
272 552 378 588 esse.’
437 551 587 588 Eadem
616 550 723 589 Galli
753 551 939 600 fatentur,
959 563 1004 588 ac
1036 550 1250 588 Lentulum
1284 550 1463 588 dissimu-

147 614 294 652 lantem
328 615 569 665 ³coarguunt
603 620 745 665 praeter
779 615 936 653 litteras
971 615 1227 665 sermonibus,
1257 628 1355 666 quos
1395 614 1463 652 ille

147 679 291 718 habere
320 679 460 717 solitus
494 684 603 717 erat:
638 681 709 717 ‘ex
743 679 856 717 libris
890 679 1098 730 Sibyllinis
1128 693 1290 729 regnum
1327 679 1466 717 Romae

149 743 276 781 tribus
297 742 491 782 Corneliis
518 744 720 794 portendi3
761 743 926 783 Cinnam
956 749 1072 795 atque
1104 743 1256 782 Sullam
1277 748 1404 792 antea,
1423 756 1465 781 se

149 808 311 846 tertium
345 821 439 856 esse,
471 808 533 845 cui
567 809 691 846 fatum
726 809 828 846 foret
862 808 970 846 urbis
990 809 1130 858 potiri,
1173 813 1363 858 praeterea
1391 807 1466 845 ⁴ab

150 874 306 911 incenso
328 872 522 924 Capitolio
544 873 656 910 illum
678 886 760 911 esse
781 873 1013 923 vigesimum
1041 887 1197 921 annum,
1217 885 1332 924 quem
1365 885 1466 923 saepe

151 950 206 976 ex·
219 938 408 988 prodigiis
427 937 652 988 haruspices
672 938 964 988 respondissent
991 938 1095 977 bello
1125 938 1233 975 civili
1262 942 1467 974 cruentum

151 1001 256 1039 fore.²
314 1001 445 1052 Igitur
478 1002 662 1052 perlectis
692 1002 848 1046 litteris,
876 1016 995 1053 quum
1028 1003 1136 1052 prius
1168 1015 1301 1039 omnes
1332 1002 1469 1051 ⁵signa

155 1078 224 1103 sua
243 1066 523 1115 cognovissent,
544 1072 701 1104 senatus
721 1067 908 1115 decernit,
928 1067 1009 1104 ‘uti
1031 1067 1213 1104 abdicato
1234 1066 1470 1116 magistratu

157 1129 361 1174 Lentulus,
389 1124 715 1180 itemque'ceteri
745 1131 811 1167 “in
831 1130 968 1168 liberis
1003 1130 1192 1168 custodiis
1226 1130 1468 1167 habeantur,²

157 1193 298 1244 Itaque
321 1194 514 1231 Lentulus
534 1194 578 1231 P.
604 1194 774 1232 Lentulo
796 1194 1009 1245 Spintheri,
1029 1195 1096 1245 qui
1118 1200 1202 1232 tum
1222 1194 1351 1232 aedilis
1375 1199 1472 1242 erat,

157 1257 354 1308 Cethegus
386 1257 428 1304 Q.
466 1257 684 1307 Cornificio,
717 1259 900 1297 Statilius
934 1258 974 1298 C.
1011 1258 1168 1308 Caesari,
1191 1258 1384 1297 Gabinius
1414 1258 1468 1296 M.

157 1322 308 1373 Crasso,
331 1322 532 1373 Coeparius
554 1323 658 1372 (nam
680 1323 713 1361 is
733 1324 848 1373 paulo
869 1329 960 1361 ante
981 1337 1029 1361 ex
1049 1324 1143 1374 fuga
1159 1329 1353 1362 retractus
1370 1326 1470 1374 erat)

158 1386 226 1426 Cn.
251 1387 436 1425 Terentio
459 1388 629 1425 senatori
646 1388 868 1426 traduntur.

236 1451 442 1490 XLVIII.
486 1451 646 1490 Interea
675 1453 820 1503 plebes,
849 1453 1119 1503 conjuratione
1149 1454 1358 1504 patefacta,
1386 1466 1474 1504 quae

155 1516 279 1567 primo
299 1516 440 1566 cupida
468 1530 598 1554 rerum
629 1531 816 1555 novarum
848 1517 966 1555 nimis
996 1517 1101 1555 bello
1133 1518 1301 1567 favebat,
1321 1523 1474 1555 mutata

156 1585 300 1630 mente,
321 1579 504 1619 Catilina:
535 1581 698 1618 consilia
731 1582 962 1630 ¹exsecrari,
993 1581 1220 1620 Ciceronem
1253 1582 1302 1619 ad
1333 1582 1474 1620 coelum

157 1644 296 1682 tollere
311 1644 474 1693 3-veluti
490 1632 539 1682 eir
559 1645 750 1682 servitute
772 1651 916 1695 erepta,
936 1646 1124 1695 gaudium
1145 1653 1262 1697 atque
1292 1645 1473 1684 laetitia'm

159 1708 344 1758 agitabat.
405 1708 584 1759 Namque
604 1709 617 1726 ²
632 1709 710 1745 alia
730 1708 826 1746 belli
846 1709 1020 1746 facinora
1039 1710 1183 1759 praedae
1203 1710 1327 1760 magis
1356 1724 1474 1761 quam

160 1772 396 1810 detrimento
417 1772 510 1820 fore,
531 1773 754 1810 incendium
784 1786 875 1811 vero
904 1773 1073 1822 crudele,
1095 1774 1410 1823 immoderatum,
1431 1787 1475 1812 ac

159 1835 236 1875 sibi
256 1835 424 1873 maxime
445 1835 716 1874 calamitosum
737 1837 924 1887 putabat3
956 1837 1099 1888 quippe
1120 1837 1182 1875 cui
1203 1850 1336 1875 omnes
1356 1839 1476 1888 copiae

160 1901 201 1938 in
221 1913 294 1938 usu
322 1901 550 1952 quotidiano
571 1906 611 1939 et
631 1901 740 1939 cultu
760 1902 932 1952 corporis
952 1907 1073 1940 erant.
1133 1902 1231 1940 Post
1252 1916 1340 1941 eum
1371 1903 1475 1941 diem

75 1971 120 2018 ap
159 1965 319 2018 quidam
343 1966 385 2003 L.
411 1965 648 2017 Tarquinius
669 1967 718 2004 ad
738 1972 916 2005 senatum
937 1967 1130 2005 adductus
1150 1973 1246 2017 erat,
1263 1968 1274 1986 ³
1288 1982 1405 2019 quem
1427 1968 1477 2006 ad

163 2029 376 2070 Catilinam
398 2031 704 2080 proficiscentem
725 2044 774 2069 ex
794 2031 935 2069 itinere
956 2037 1173 2070 retractum
1204 2033 1373 2070 aiebant.
1434 2032 1476 2070 Is

161 2109 282 2148 quum
303 2108 342 2133 se
363 2095 512 2132 diceret
533 2095 797 2133 indicaturum
818 2095 866 2134 de
887 2096 1168 2146 conjuratione,
1185 2096 1217 2134 si
1237 2097 1333 2134 fides
1353 2095 1478 2146 publi-

162 2172 207 2197 ca
235 2159 328 2197 data
357 2165 468 2209 esset,
485 2161 618 2209 jussus
649 2173 672 2197 a
701 2160 870 2207 consule,
889 2173 976 2211 quae
1007 2160 1125 2198 sciret
1156 2161 1320 2207 edicere,
1341 2160 1477 2199 eadem

162 2223 244 2262 fere
264 2237 351 2275 quae
373 2224 616 2274 Volturcius,
637 2224 684 2262 de
703 2225 851 2275 paratis
871 2225 1074 2275 incendiis,
1089 2226 1135 2263 de
1157 2225 1262 2263 caede
1277 2225 1478 2275 bonorum,

165 2287 212 2326 de
232 2289 372 2326 itinere
392 2288 565 2326 hostium
587 2293 766 2326 senatum
787 2289 925 2327 docet:
956 2294 1148 2340 praeterea
1169 2290 1177 2309 ί
1195 2301 1235 2326 se
1264 2288 1427 2327 missum
1457 2302 1480 2326 a

167 2350 220 2390 Μ.
248 2351 398 2403 Crasso,
429 2353 496 2404 qui
529 2352 712 2392 Catilinae
742 2353 956 2403 nuntiaret,
987 2354 1061 2391 ⁴ne
1094 2366 1182 2390 eum
1216 2352 1411 2390 Lentulus
1431 2347 1481 2390 'et

168 2414 365 2468 Cethegus
401 2417 548 2469 aliique
587 2430 636 2456 ex
675 2418 943 2468 conjuratione
982 2416 1215 2467 deprehensi
1257 2421 1480 2459 terrerent2
