1566 2586
683 182 989 210 JUGURTHA.
1236 186 1267 213 ο
1424 173 1495 212 103

179 287 411 329 ωιίἰδίοειιιη
459 291 578 339 atque
616 287 900 326 discordiosum
938 291 1035 337 erat,
1073 287 1258 338 cupidum
1308 301 1496 328 novarum

179 364 324 403 rerum,
341 352 469 404 quieti
497 357 538 390 et
568 352 648 390 otio
669 352 885 391 adversum.
943 351 1057 402 Dein,
1076 352 1303 402 compositis
1324 352 1427 390 inter
1455 366 1495 391 se

161 417 308 468 rebus,
335 417 348 436 ⁴
362 416 402 455 in
422 416 526 455 diem
548 417 711 455 tertium
731 417 990 467 constituunt,
1004 416 1110 468 quod
1130 416 1164 454 is
1183 416 1308 454 festus
1328 416 1496 455 celebra-

178 486 319 534 tusque
338 495 408 534 per
427 495 580 520 omnem
597 482 775 520 Africam
795 482 932 520 ludum
954 487 994 520 et
1014 482 1214 520 lasciviam
1235 482 1360 532 magis
1379 496 1495 534 quam

177 547 429 586 formidinem
460 548 695 586 ostentabat.
755 547 833 587 Sed
863 547 932 586 ubi
959 553 1113 598 tempus
1139 547 1228 596 fuit,
1249 547 1495 585 centuriones

178 611 435 664 tribunosque
455 612 659 662 militares,
681 618 720 650 et
741 612 867 663 ipsum
887 612 1115 663 praefectum
1137 611 1269 663 oppidi
1291 611 1334 650 T.
1359 611 1496 662 Turpi—

178 675 276 714 lium
297 677 488 725 Silanum,
509 677 634 715 ‘’alius
654 677 775 715 alium
796 677 931 715 domos
951 691 1040 715 suas
1060 677 1250 715 invitant:
1281 690 1347 714 eos
1363 690 1496 714 omnes

178 739 322 793 praeter
343 741 565 793 Turpilium
598 743 701 780 inter
731 742 867 793 epulas
893 742 1151 780 obtruncant:
1182 747 1318 792 postea
1348 741 1495 779 milites

176 806 368 859 palantes,
386 808 566 857 inermes,
585 808 727 859 quippe
753 809 791 845 in
813 808 894 853 ,tali
915 807 978 845 die
1000 821 1044 845 ae
1065 808 1148 845 sine
1169 807 1344 858 imperio,
1364 819 1497 857 aggre-

176 870 350 909 diuntur.
410 871 523 910 Idem
553 871 711 922 ‘plebes
745 871 852 921 facit,
886 873 1000 922 ⁷pars
1033 871 1163 909 edocti
1195 871 1244 909 ab
1267 870 1496 919 nobilitate,

178 935 249 973 alii
281 936 412 974 studio
446 936 586 974 talium
619 950 749 974 rerum
782 936 946 983 incitati,
966 941 1056 988 quis
1088 942 1177 974 acta
1207 936 1495 988 consiliumque

178 1000 451 1051 ignorantibus
470 1001 665 1040 tumultus
687 1002 767 1053 ipse
789 1008 829 1040 et
849 1015 909 1040 res
930 1016 1039 1041 novae
1067 1003 1164 1040 satis
1184 1002 1400 1053 placebant.

261 1065 442 1104 LXVII.
474 1066 644 1105 Romani
674 1067 831 1116 milites,
852 1067 1062 1117 improviso
1094 1073 1204 1104 metu
1230 1067 1371 1105 incerti
1392 1068 1497 1117 igna-

178 1130 302 1182 rique,
343 1131 465 1182 ¹quid
503 1131 750 1181 potissimum
787 1132 973 1181 facerent,
1004 1132 1222 1182 trepidare:
1279 1131 1328 1169 ad
1367 1128 1496 1169 arcem

177 1195 323 1246 oppidi,
342 1195 411 1234 ubi
431 1195 542 1246 signa
562 1201 602 1233 et
621 1201 732 1234 scuta
752 1202 874 1246 erant,
893 1196 1119 1247 praesidium
1149 1196 1342 1234 hostium:
1374 1202 1496 1247 portae

176 1264 271 1297 ante
289 1259 434 1298 clausae
453 1261 587 1310 fugam
608 1260 889 1310 prohibebant:
921 1261 970 1298 ad
991 1261 1062 1298 hoc
1091 1261 1277 1299 mulieres
1305 1262 1495 1313 puerique

175 1336 247 1373 pro
280 1323 397 1361 tectis
428 1323 681 1361 aedificiorum
711 1337 805 1362 saxa
839 1329 880 1362 et
910 1323 1000 1373 alia,
1026 1338 1114 1375 quae
1145 1324 1253 1362 locus
1283 1325 1496 1376 praebebat,

177 1387 360 1426 certatim
381 1388 551 1425 mittere.
611 1388 676 1426 Ita
696 1402 821 1440 neque
843 1389 971 1426 caveri
1001 1390 1012 1406 ²
1030 1402 1171 1439 anceps
1191 1389 1349 1438 malum,
1369 1403 1495 1442 neque

176 1453 444 1491 afortissimis
474 1454 738 1492 infirmissimo
767 1455 902 1505 generi
934 1455 1065 1493 resisti
1096 1469 1230 1506 posse:
1257 1457 1374 1505 juxta
1403 1456 1496 1494 boni

177 1517 360 1569 malique,
379 1519 530 1556 strenui
550 1524 591 1556 et
610 1519 790 1557 imbelles
811 1520 929 1557 inulti
949 1520 1185 1558 obtruncari.
1246 1520 1295 1558 In
1317 1534 1362 1558 ea
1382 1526 1495 1558 tanta

177 1583 402 1633 asperitate,
421 1584 433 1601 ³
450 1584 674 1621 saevissimis
703 1585 888 1622 Numidis
919 1590 959 1622 et
987 1585 1127 1636 oppido
1148 1586 1321 1636 undique
1351 1586 1495 1636 clauso,

180 1646 383 1696 Turpilius
426 1647 634 1697 praefectus
676 1661 775 1685 unus
814 1662 863 1685 ex
902 1649 1083 1686 omnibus
1129 1649 1284 1687 Italicis
1322 1650 1495 1688 intactus

178 1710 361 1761 profugit.
421 1710 469 1748 Id
501 1710 818 1749 misericordiane
839 1712 1016 1763 hospitis,
1037 1726 1085 1750 an
1114 1714 1293 1763 pactione
1314 1720 1382 1752 aut
1403 1728 1495 1752 casu

179 1774 237 1812 ita
267 1774 452 1824 evenerit,
485 1788 620 1825 parum
655 1777 936 1827 comperimus,
968 1778 1056 1827 nisi,
1087 1779 1183 1829 quia
1218 1778 1278 1816 illi
1312 1779 1351 1816 in
1382 1784 1494 1817 tanto

179 1839 282 1877 malo
302 1839 428 1890 turpis
447 1839 530 1878 vita
550 1840 705 1891 integra
732 1841 837 1879 fama
856 1843 984 1893 potior
1004 1843 1092 1893 fuit,
1112 1843 1312 1894 improbus
1333 1845 1494 1882 intesta-

178 1903 349 1955 bilisque
369 1904 536 1943 videtur.

259 1969 465 2008 LXVIII.
499 1970 696 2020 Metellus,
708 1976 913 2024 postquam
931 1974 979 2011 de
998 1973 1114 2012 rebus
1131 1974 1257 2025 Vagae
1276 1975 1375 2014 actis
1396 1988 1495 2014 com-

177 2034 291 2086 perit,
311 2034 510 2085 paulisper
541 2042 703 2074 moestus
733 2050 754 2075 e
784 2045 994 2089 conspectu
1025 2039 1131 2090 abit3
1163 2040 1317 2090 deinde,
1337 2041 1406 2079 ubi
1435 2041 1494 2079 ira

176 2104 219 2138 et
250 2100 443 2150 aegritudo
474 2101 670 2151 permixta
704 2108 807 2153 sunt,
827 2117 914 2142 eum
944 2106 1116 2143 maxima
1149 2119 1244 2144 cura
1272 2107 1401 2144 ultum
1436 2107 1493 2145 ire

177 2165 342 2215 injurias
361 2165 533 2203 festinat.
593 2166 818 2217 Legionem,
838 2181 924 2207 cum
959 2184 1036 2222 qna
1069 2171 1280 2222 hiemabat,
1310 2176 1349 2209 et
1374 2185 1492 2223 quam

177 2227 367 2279 plurimos
386 2234 520 2279 potest
550 2231 559 2248 ¹
578 2230 772 2269 Numidas
792 2233 943 2284 equites
963 2235 1110 2285 pariter
1131 2248 1218 2272 cum
1240 2248 1378 2272 occasu
1399 2235 1492 2274 solis

179 2293 383 2342 expeditos
413 2294 568 2344 educit3
616 2300 655 2332 et
684 2301 840 2345 postera
869 2298 931 2336 die
970 2300 1124 2337 circiter
1167 2300 1301 2337 horam
1332 2300 1491 2338 tertiam

178 2358 356 2407 pervenit
384 2359 424 2396 in
457 2360 654 2412 quandam
687 2361 903 2414 planitiem,
937 2363 1033 2402 locis
1074 2364 1190 2414 paulo
1225 2365 1491 2414 superioribus

177 2421 493 2462 circumventam.
553 2425 617 2464 Ibi
637 2426 796 2478 milites,
815 2427 938 2467 fessos
969 2429 1125 2468 itineris
1146 2429 1430 2480 magnitudine,
1450 2436 1490 2469 et
