1566 2586
205 183 255 218 96
551 198 593 222 c.
643 197 823 223 CRISPI
869 198 1151 224 SALLUSTII

204 297 364 333 ‘moenia
385 298 592 335 defendant
605 301 624 347 3'
654 299 797 336 additis
816 299 959 336 auxilio
979 301 1160 350 perfugis,
1179 301 1280 351 quod
1299 314 1420 351 genus
1438 315 1486 339 ex

204 360 321 407 copiis
342 361 454 408 regis,
475 363 565 409 quia
586 361 718 397 fallere
740 362 934 411 nequibat,
954 362 1212 399 firmissimum
1235 369 1325 400 erat.
1382 363 1484 406 Prae-

204 426 307 458 terea
341 422 554 470 pollicetur,
585 423 669 459 ³‘in
701 429 870 472 tempore
902 430 1022 460 semet
1042 437 1126 461 cum
1157 426 1327 462 exercitu
1347 427 1484 462 affore.'

206 482 270 519 Ita
290 485 509 532 compositis
529 485 653 532 rebus,
667 486 704 522 in
726 486 808 522 loca
827 499 941 536 quam
961 487 1125 524 maxime
1146 488 1295 524 occulta
1311 488 1485 537 discedit,

205 559 246 582 ac
276 552 362 594 post
395 547 507 595 paulo
538 549 732 596 cognoscit
760 549 927 585 Marium
948 562 994 585 ex
1016 549 1153 592 itinere
1182 550 1484 588 ⁴frumentatum

204 621 289 645 cum
329 610 458 657 paucis
497 610 717 647 cohortibus
756 611 920 648 Siccam.
942 612 1121 660 missum,
1163 613 1264 662 quod
1307 613 1484 662 oppidum

203 673 368 721 primum
391 674 558 709 omnium
594 679 680 722 post
710 674 847 711 malain
877 688 1044 724 pugnam
1079 676 1126 712 ab
1159 689 1247 725 rege
1282 677 1482 713 defecerat.

205 735 262 772 Eo
292 749 377 772 cum
400 736 563 773 delectis
585 738 779 786 equitibus
800 744 915 774 noctu
935 739 1072 787 pergit,
1093 744 1132 775 et
1158 741 1238 788 jam
1258 739 1486 788 egredienti-

203 799 272 836 bus
301 800 496 844 Romanis,
527 800 565 836 in
598 806 707 849 porta
740 814 904 849 pugnam
934 801 1047 838 facit:
1078 802 1193 838 simul
1226 814 1364 851 magna
1395 815 1486 840 voce

203 861 400 898 Siccenses
421 862 608 907 hortatur,
630 863 728 898 ⁵⁴uti
760 863 934 899 cohortes
954 863 1000 900 ab
1025 868 1131 912 tergo
1160 863 1482 901 circumveniant:

201 925 393 961 fortunam
416 925 493 961 illis
522 925 680 974 praeclari
717 925 897 962 facinoris
911 938 1039 962 casum
1060 926 1169 963 dare:
1201 927 1231 963 si
1254 927 1292 963 id
1313 927 1485 975 fecerint,

201 995 333 1038 postca
367 1001 447 1025 sese
481 989 520 1024 in
553 1002 681 1038 regno,
701 989 788 1026 illos
822 989 860 1025 in
893 990 1074 1027 libertate
1105 990 1186 1027 sine
1206 995 1313 1027 met-u
1331 995 1485 1028 aetatem

201 1053 375 1088 acturos.²
420 1051 478 1088 Ac
497 1052 536 1087 ni
558 1051 706 1088 Marius
727 1053 738 1069 ⁶
752 1052 859 1100 signa
879 1052 1018 1088 inferre
1039 1057 1152 1102 atque
1169 1053 1328 1090 evadere
1349 1053 1486 1103 oppido

200 1114 489 1163 properavisset,
510 1115 679 1162 profecto
704 1114 831 1150 cuncti
865 1120 933 1150 aut
963 1128 1101 1164 magna
1130 1127 1218 1164 pars
1250 1115 1485 1154 Siccensium

201 1177 313 1213 fidem
344 1177 617 1213 mutavissent:
650 1182 758 1213 tanta
790 1177 1006 1214 mobilitate
1041 1190 1122 1215 sese
1154 1178 1335 1216 Numidae
1354 1185 1482 1227 agunt.

202 1239 279 1276 Sed
317 1240 462 1276 milites
505 1240 747 1288 Jugurtliini,
790 1240 984 1288 paulisper
1021 1240 1069 1276 ab
1107 1252 1195 1288 rege
1239 1241 1250 1258 ⁷
1266 1241 1485 1289 sustentati,

202 1307 401 1351 postquam
423 1304 565 1350 majore
586 1303 623 1339 vi
644 1302 773 1338 hostes
793 1307 970 1350 urguent,
989 1302 1122 1351 paucis
1151 1302 1312 1351 amissis,
1331 1304 1484 1353 profugi

203 1364 413 1401 discedunt.

282 1427 413 1464 LVII,
458 1426 606 1463 Marius
638 1427 685 1463 ad
720 1427 876 1463 Zamam
909 1427 1105 1476 pervenit:
1149 1427 1188 1464 id
1222 1428 1413 1477 oppidum,
1446 1429 1486 1466 in

202 1501 333 1537 campo
354 1489 482 1534 situm,
503 1488 623 1537 magis
644 1501 755 1537 opere
776 1502 887 1538 quam
909 1494 1047 1525 natura
1073 1489 1264 1526 munitum
1293 1495 1386 1537 erat,
1405 1491 1486 1528 nul·

202 1552 278 1588 lius
309 1552 454 1588 idoneae
484 1551 540 1588 rei
573 1563 699 1599 egens,
719 1552 836 1587 armis
867 1551 1035 1600 virisque
1067 1551 1300 1599 opulentum.
1358 1552 1485 1602 Igitur

205 1615 400 1662 Metellus,
434 1627 501 1662 pro
539 1618 708 1662 tempore
747 1619 860 1662 atque
894 1613 976 1650 loco
1011 1614 1155 1662 paratis
1188 1615 1487 1663 rebus,·cuncta

205 1679 342 1715 moenia
362 1677 534 1714 exercitu
563 1677 836 1724 circumvenit,
870 1676 1008 1725 legatis
1038 1673 1211 1726 imperat,
1230 1678 1297 1715 ubi
1327 1679 1486 1730 quisque

205 1746 379 1786 curaret3
417 1740 566 1787 deinde,
586 1740 694 1788 signo
721 1739 821 1786 dato,
841 1739 1010 1788 undique
1039 1740 1153 1777 simul
1182 1741 1325 1778 clamor
1352 1742 1486 1792 ingens

205 1803 335 1841 oritur.
394 1803 529 1852 Neque
550 1815 594 1838 ea
614 1814 674 1838 res
696 1801 885 1838 Numidas
906 1807 1048 1850 terret;
1081 1804 1090 1820 ¹
1105 1803 1245 1840 infensi
1272 1804 1486 1856 intentique

205 1866 286 1905 sine
320 1865 491 1902 tumultu
524 1869 701 1900 manent:
737 1864 912 1913 proelium
946 1865 1137 1914 incipitur.
1207 1866 1384 1915 Romani,
1417 1882 1511 1918 pro·

204 1929 357 1978 ingenio
373 1928 544 1977 quisque.v
559 1940 646 1975 pars
669 1927 817 1963 eminus
837 1927 848 1944 ²
862 1927 1000 1976 glande
1017 1933 1083 1964 aut
1099 1928 1290 1977 lapidibus
1305 1943 1484 1979 pugnare,

205 1990 272 2030 alii
293 1990 505 2036 succedere,
525 2003 568 2025 ac
597 2002 745 2028 murum
779 1990 890 2026 modo
922 1990 1121 2038 suffodere,
1141 1991 1252 2028 modo
1283 1992 1396 2030 scalis
1424 2007 1484 2043 ag-

205 2054 325 2104 gredi,
345 2065 479 2102 cupere
499 2051 674 2100 proelium
698 2052 735 2088 in
766 2053 941 2090 manibus
970 2053 1103 2090 facere.
1162 2053 1174 2071 ³
1189 2052 1332 2091 Contra
1361 2068 1404 2092 ea
1424 2069 1484 2106 op-

205 2115 335 2166 pidani
361 2114 400 2150 in
419 2114 610 2163 proximos
631 2125 721 2149 saxa
741 2113 891 2151 volvere
909 2127 916 2162 3
947 2114 1070 2159 sudes,
1090 2113 1178 2163 pila,
1197 2120 1382 2163 praeterea
1401 2117 1483 2166 pice

205 2184 244 2216 ct
265 2177 444 2226 sulphure
464 2176 603 2212 taedam
625 2176 784 2212 mixtam
805 2177 956 2212 ardenti
977 2177 1139 2213 mittere.
1197 2176 1208 2194 ⁴
1223 2176 1298 2214 Sed
1320 2190 1366 2215 nc
1396 2179 1483 2216 illos

204 2242 372 2293 quidem,
391 2240 457 2291 qui
476 2240 606 2289 procul
626 2245 854 2286 manserant,
871 2240 985 2277 timor
1004 2239 1120 2276 animi
1136 2239 1229 2276 satis
1245 2241 1481 2281 muniverat:

203 2318 291 2343 nam
311 2293 512 2355 plerosque
538 2302 666 2351 jacula
685 2303 887 2340 tormentis
906 2307 973 2340 aut
1002 2315 1116 2340 manu
1145 2302 1284 2341 emissa
1311 2304 1480 2343 vulnera.-
