1566 2586
651 211 958 237 JUGURTHA.
1413 203 1463 240 87

150 315 298 368 paratis
330 315 647 367 compositisque,
681 315 721 354 in
758 315 988 354 Numidiam
1021 315 1292 366 proficiscitur,
1323 331 1463 368 magna

151 395 216 433 spe
237 382 392 430 civium,
413 383 557 433 ‘’quum
578 387 735 432 propter
756 388 860 419 artes
887 382 1019 430 bonas,
1041 389 1124 419 tum
1154 382 1336 431 maxime,
1358 384 1462 434 quod

149 446 353 485 adversum
386 446 546 483 divitias
579 445 765 483 invictum
799 446 970 483 animum
993 446 1184 495 'gerebat3
1228 452 1268 483 et
1296 447 1462 484 avaritia

149 510 448 560 magiStratuum
469 516 559 547 ante
580 510 620 547 id
640 515 794 560 tempus
814 510 854 547 in
875 510 1066 547 Numidia
1085 515 1230 548 nostrae
1257 523 1348 561 opes
1377 523 1462 548 con-

150 577 258 623 tusae,
278 573 527 625 hostiumque
548 579 673 611 auctae
693 578 816 611 erant:

228 636 384 676 XLIV.
418 637 495 676 Sed
516 637 584 675 ubi
605 638 645 674 in
667 637 844 675 Africam
864 637 983 686 venit,
1004 637 1199 675 exercitus
1229 637 1266 675 ei
1286 638 1460 676 traditur

149 713 171 741 a
200 700 263 751 Sp.
287 701 435 739 Albino
466 714 534 751 pro
565 701 736 751 consule,
758 701 896 750 ¹iners,
926 700 1108 750 imbellis,
1137 714 1262 752 neque
1295 702 1460 751 periculi

148 777 272 815 neque
299 764 444 803 laboris
476 765 639 815 patiens,
661 765 795 815 lingua
825 779 941 816 quam
973 778 1090 802 manu
1121 766 1347 816 promptior,
1367 779 1460 816 prae-

147 828 261 867 dator
281 842 329 867 ex
348 829 462 867 sociis
483 835 523 866 et
542 829 624 879 ipse
643 829 775 879 praeda
805 829 987 877 hostium,
1009 829 1091 866 sine
1120 829 1284 879 imperio
1314 835 1354 867 et
1382 843 1459 868 mo-

147 891 274 930 destia
293 892 460 931 habitus.
518 892 584 930 Ita
603 884 830 957 imperatori
850 905 948 930 novo
967 893 1054 942 plus
1075 906 1123 930 ex
1143 893 1258 931 malis
1284 894 1458 932 moribus

146 955 434 1006 sollicitudinis,
453 970 569 1007 quam
591 969 638 993 ex
658 956 768 1006 copia
789 956 959 993 militum
980 956 1120 993 auxilii
1140 962 1209 993 aut
1236 956 1347 994 bonae
1375 956 1458 1007 spei

147 1020 364 1058 accedebat.
424 1020 574 1058 Statuit
609 1025 740 1057 tamen
773 1019 972 1069 Metellus,
992 1033 1227 1070 quamquam
1259 1026 1300 1058 et
1330 1021 1458 1059 ²aesti-

146 1097 281 1121 vorum
301 1089 455 1134 tempus
485 1084 732 1121 comitiorum
764 1097 872 1121 mora
902 1084 1164 1132 imminuerat,
1184 1090 1223 1122 et
1256 1091 1454 1135 exspecta·

146 1148 251 1186 tione
282 1151 443 1187 eventus
473 1148 616 1186 civium
647 1148 797 1185 animos
827 1148 1001 1185 intentos
1031 1149 1207 1198 putabat,
1237 1162 1314 1186 non
1345 1150 1454 1199 prius

146 1211 291 1251 bellum
312 1212 519 1262 attingere,
534 1225 650 1262 quam
672 1213 863 1261 majorum
885 1211 1092 1261 disciplina
1112 1212 1260 1250 milites
1276 1213 1454 1251 laborare

147 1276 345 1326 coegisset.
404 1276 505 1313 Nam
539 1275 722 1324 Albinus,
752 1275 848 1312 Auli
877 1275 1012 1312 fratris
1043 1276 1314 1326 exercitusque
1343 1276 1454 1314 clade

145 1339 355 1391 perculsus,
404 1344 610 1390 postquam
663 1339 888 1377 decreverat
941 1352 1016 1377 non
1064 1340 1197 1389 egredi
1243 1341 1454 1391 provincia,

145 1405 358 1456 'quantum
378 1404 564 1454 temporis
596 1404 819 1442 aestivorum
852 1404 891 1441 in
923 1404 1086 1454 imperio
1117 1405 1205 1454 fuit,
1224 1405 1453 1457 plerumque

146 1469 290 1506 milites
310 1468 466 1506 stativis
486 1468 624 1505 castris
643 1460 834 1517 habebat5
866 1468 941 1505 nisi
961 1482 1080 1519 quum
1108 1469 1201 1506 odos
1221 1474 1290 1506 aut
1318 1470 1452 1520 pabuli

146 1537 296 1582 egestas
315 1531 441 1569 locum
462 1537 614 1568 mutare
640 1531 856 1581 subegerat.
916 1531 994 1570 Sed
1026 1545 1150 1582 neque
1177 1533 1453 1593 muniebantur

146 1594 225 1644 ¹ea,
243 1608 368 1646 neque
387 1608 492 1632 more
513 1595 676 1632 militari
696 1595 843 1644 vigiliae
871 1594 1167 1633 deducebantur
1185 1609 1191 1632 :
1222 1597 1283 1633 uti
1312 1598 1452 1648 cuique

146 1657 303 1706 libebat,
323 1658 372 1696 ab
392 1658 513 1707 signis
545 1658 688 1695 aberat.
748 1658 888 1695 ⁶Lixae
918 1659 1105 1708 permixti
1137 1672 1224 1696 cum
1257 1660 1451 1699 militibus

144 1721 207 1759 die
227 1726 420 1772 noctuque
441 1721 694 1770 vagabantur,
714 1720 891 1770 palantes
918 1734 1032 1771 agros
1060 1727 1225 1772 vastare,
1245 1723 1360 1761 villas
1388 1737 1451 1762 ex-

145 1797 324 1834 pugnare,
357 1783 507 1833 pecoris
537 1787 577 1819 et
607 1783 886 1832 mancipiorum
917 1784 1068 1833 praedas
1099 1789 1293 1823 certantes
1322 1799 1448 1836 agere,

143 1861 264 1899 eaque
297 1852 449 1885 mutare
483 1859 569 1884 cum
598 1847 879 1885 mercatoribus
912 1848 1002 1885 vino
1033 1848 1245 1887 advectitio
1281 1855 1321 1887 et
1360 1851 1449 1889 aliis

143 1912 289 1950 talibus
306 1925 312 1961 3
335 1917 524 1962 praeterea
535 1912 774 1949 frumentum
791 1911 946 1962 publice
962 1913 1096 1950 datum
1116 1914 1296 1963 vendere,
1309 1929 1448 1965 panem

142 1976 182 2015 in
202 1976 286 2014 dies
306 1976 469 2014 mercari
487 1990 492 2013 :
516 1981 722 2026 postremo,
736 1990 989 2028 quaecumque
1010 1978 1087 2015 dici
1108 1984 1177 2016 aut
1192 1979 1285 2030 fingi
1300 1987 1449 2031 queunt

142 2041 306 2092 ignaviae
336 2040 578 2091 luxuriaeque
609 2041 760 2091 probra,
779 2041 820 2078 in
848 2041 918 2079 illo
949 2043 1125 2080 exercitu
1155 2050 1295 2081 cuncta
1326 2045 1447 2095 fuere,

143 2111 181 2144 et
200 2105 278 2143 alia
297 2105 474 2155 amplius.

219 2169 348 2207 XLV.
383 2169 460 2208 Sed
481 2169 520 2205 in
541 2181 586 2206 ea
606 2168 834 2206 difficultate
855 2169 1062 2208 Metellum
1083 2184 1159 2208 non
1181 2171 1308 2208 minus
1329 2185 1445 2222 quam

145 2247 182 2272 tn
199 2234 316 2272 rebus
335 2233 544 2272 hostilibus
564 2246 747 2282 magnum
768 2238 808 2270 et
828 2234 1042 2284 sapientem
1062 2235 1189 2273 virum
1210 2236 1330 2272 fuisse
1347 2248 1446 2273 com-

146 2299 290 2349 perior3
322 2299 458 2340 'tanta
477 2298 736 2348 temperantia
764 2298 867 2337 inter
892 2299 1145 2337 ambitionem
1177 2299 1445 2351 saevitiamque

143 2363 392 2401 moderatum.
463 2364 642 2414 Namque
663 2363 791 2401 edicto
810 2363 978 2414 primum
998 2366 1010 2383 ²
1024 2365 1251 2414 adjumenta
1280 2364 1444 2422 ignaviae

141 2427 344 2467 sustulisse
361 2441 368 2477 ;
399 2429 468 2466 ‘ne
487 2429 693 2480 quisquam
714 2427 754 2465 in
773 2429 911 2467 castris
930 2442 1070 2480 panem
1090 2433 1160 2466 aut
1185 2441 1300 2479 quem
1320 2428 1441 2467 alium
