1630 2612
242 167 291 203 24
591 179 633 203 o.
683 178 863 204 cn1sr1
910 179 1189 206 SALLUSTH

240 280 338 318 tium
358 280 496 330 agendi
517 280 730 318 facturum.’
786 281 851 318 Ad
870 281 942 319 hoc
960 280 1178 319 maledictis
1197 280 1370 332 increpat
1386 291 1520 335 omnen

150 346 152 348 ’
201 356 204 360 ·
239 343 367 393 bonos,
395 357 549 381 suorum
577 357 885 395 unumquemque
905 345 1106 382 nominans
1134 343 1317 395 laudm-05
1346 343 1524 383 admone-

237 406 305 445 bat
346 407 489 444 ⁶alium
529 408 723 457 egestatis,
756 407 874 444 alium
913 408 1138 457 cupiditatis
1177 421 1266 460 suae,
1302 408 1522 459 complures

237 470 397 520 periculi
427 475 495 507 aut
515 470 744 520 ignominiae,
764 471 906 508 multos
925 469 1098 508 victoriae
1114 470 1296 520 Sullanae,
1315 471 1456 522 quibus
1475 484 1520 510 ea

204 545 211 551 “
235 533 375 582 praedae
405 533 540 570 fuerat.
611 533 821 583 Postquam
852 533 1021 570 omnium
1053 534 1198 571 animos
1229 534 1372 577 alacres
1400 534 1520 584 videt,

235 595 457 646 cohortatus
485 601 529 633 ut
558 596 569 613 ⁰
582 596 808 646 petitionem
829 609 935 633 suam
957 608 1056 632 curae
1075 595 1271 646 haberent,
1290 601 1519 634 conventum

238 659 395 696 dimisit.

311 722 450 759 XXII.
484 723 493 740 ¹
508 722 643 771 Fuere,
664 735 708 759 ea
737 727 978 772 tempestate,
997 722 1064 773 qui
1083 722 1256 760 dicerent
1273 723 1282 744 ‘
1298 721 1518 772 Catilinam,

233 786 403 822 oratione
437 786 580 835 habita,
599 800 716 836 quum
751 787 799 823 ad
829 786 1098 836 jusjurandum
1130 786 1332 836 populares
1362 786 1517 825 sceleris

235 847 293 885 sui
315 847 498 896 adigeret,
518 848 675 884 humani
708 849 876 898 corporis
908 848 1132 898 sanguinem
1161 848 1250 887 vino
1281 849 1516 898 permixtum

231 910 270 947 in
301 911 445 961 pateris
465 912 769 961 circumtulisse;
801 912 900 960 inde,
919 925 1036 962 quum
1065 912 1179 961 ²post
1211 911 1512 950 exsecrationem

231 985 360 1010 omnes
381 973 698 1023 degustavissent,
718 974 832 1011 sicuti
859 974 898 1020 in
932 974 1166 1011 solemnibus
1195 974 1312 1012 sacris
1329 974 1412 1012 fieri
1430 987 1515 1012 con·

230 1037 365 1086 suevit,
402 1037 595 1086 aperuisse
643 1037 846 1075 consilium
883 1050 1016 1086 suum;
1065 1042 1180 1087 atque
1229 1050 1286 1087 eo,
1322 1037 1515 1088 dictitare,

229 1100 376 1148 fecisse,
414 1113 488 1150 quo
531 1100 631 1137 inter
664 1113 703 1137 se
736 1100 859 1149 magis
895 1100 962 1137 fidi
998 1100 1136 1148 forent,
1169 1099 1269 1137 alius
1306 1100 1375 1138 alii
1411 1099 1514 1139 tanti

228 1162 408 1200 facinoris
424 1163 586 1199 conscii)
643 1163 832 1200 Nonnulli
850 1163 940 1200 ficta
967 1168 1007 1200 et
1026 1162 1106 1200 haec
1127 1167 1166 1200 et
1185 1163 1308 1200 multa
1326 1168 1526 1213 praeterea

229 1225 502 1262 existimabant
532 1226 580 1262 ab
608 1226 667 1274 iis,
697 1226 764 1276 qui
793 1225 1016 1263 ³Ciceronis
1043 1226 1236 1274 invidiam,
1266 1238 1352 1276 quae
1379 1231 1512 1275 postea.

227 1293 311 1325 orta
343 1293 412 1336 est,
445 1289 558 1326 leniri
597 1289 804 1325 credebant
838 1288 1041 1325 atrocitate
1077 1287 1234 1325 sceleris
1271 1301 1414 1338 eorum⁷
1443 1288 1511 1340 qui

226 1364 355 1401 poenas
384 1351 578 1388 dederant.
636 1351 759 1388 Nobis
790 1364 834 1388 ea
863 1364 924 1388 res
952 1351 963 1368 ⁴
980 1364 1047 1401 pro
1078 1351 1344 1401 magnitudine
1374 1365 1510 1402 parum

226 1419 418 1463 comperta
437 1419 503 1452 est.

303 1477 468 1514 XXIII.
502 1477 578 1515 Sed
608 1477 646 1514 in
678 1490 722 1514 ea
755 1476 1018 1526 conjuratione
1048 1476 1124 1513 fuit
1151 1475 1194 1521 Q.
1215 1475 1366 1525 Curius,
1395 1481 1510 1514 natus

224 1541 326 1578 haud
360 1542 519 1579 obscuro
551 1541 645 1590 loco,
677 1541 834 1590 flagitiis
867 1546 982 1591 atque
1015 1540 1248 1578 facinoribus
1281 1545 1505 1590 coepertus3

225 1606 365 1655 ¹quem
403 1617 578 1642 censores
615 1610 751 1642 senatu
788 1604 919 1654 probri
955 1604 1082 1653 gratia
1118 1607 1326 1641 moverant.
1402 1602 1508 1640 Huic

223 1668 370 1705 homini
405 1681 481 1705 non
515 1668 640 1704 minor
671 1667 821 1705 vanitas
859 1667 985 1704 inerat
1017 1680 1131 1717 quam
1165 1666 1344 1704 audacia:
1385 1678 1507 1716 neque

223 1731 394 1780 reticere
414 1743 499 1781 quae
529 1731 716 1779 audierat,
745 1743 867 1780 neque
896 1731 1072 1768 ²suamet
1102 1730 1181 1779 ipse
1210 1729 1356 1778 scelera
1382 1728 1491 1767 occul

223 1800 329 1843 tare3
358 1808 512 1844 prorsus
546 1808 668 1845 neque
702 1795 828 1832 dicere
856 1807 978 1845 neque
1008 1795 1133 1832 facere
1163 1784 1380 1850 quidque&
1398 1793 1506 1853 pengi

221 1857 396 1898 habebat.
455 1858 552 1895 Erat
571 1858 607 1895 ei
639 1871 724 1895 cum
747 1858 896 1906 Fulvia
917 1858 1079 1895 muliere
1099 1857 1233 1907 nobili,
1252 1855 1375 1908 stupri
1393 1861 1505 1895 vetus

221 1917 478 1958 consuetudo:
522 1922 609 1958 ³cui
642 1935 759 1972 quum
789 1921 915 1958 minus
947 1926 1082 1970 gratus
1114 1925 1226 1970 esset,
1255 1918 1347 1972 quia
1376 1919 1504 1969 inopia

221 1985 346 2022 minus
374 1985 506 2034 largiri
540 1989 703 2034 poterat,
735 1990 892 2034 repente
925 1984 1096 2034 glorians
1129 1983 1249 2021 maria
1275 1987 1503 2032 montesque

220 2046 391 2096 polliceri
419 2047 554 2096 coepit3
602 2052 642 2084 et
662 2047 799 2084 minari
821 2046 1013 2084 interdum
1034 2046 1145 2096 ferro,
1163 2045 1203 2083 ni
1230 2044 1305 2083 sibi
1333 2044 1501 2082 obnoxia

221 2112 341 2159 foret3
378 2117 570 2161 postremo
603 2111 769 2148 ferocius
802 2111 947 2160 agitare
981 2123 1094 2161 quam
1127 2109 1264 2148 solitus
1294 2113 1387 2146 erat.
1444 2108 1502 2145 At

222 2174 372 2221 Fulvia,
393 2175 404 2192 ⁴
418 2174 634 2211 insolentiae
656 2173 763 2212 Curii
784 2187 897 2211 causa
917 2175 1080 2224 cognita,
1100 2172 1178 2210 tale
1197 2170 1410 2220 periculum
1444 2170 1500 2207 rei

218 2237 382 2285 publicae
415 2237 520 2274 haud
554 2237 747 2275 occultum
782 2237 942 2284 habuit3
973 2236 1051 2283 sed,
1079 2234 1230 2275 sublato
1265 2239 1431 2277 auctora
1452 2231 1499 2269 de

221 2298 400 2336 Catilinae
421 2301 693 2350 conjuratione,
713 2312 798 2350 quae
817 2313 967 2350 quoque
998 2298 1108 2336 modo
1128 2297 1315 2344 audierat,
1335 2294 1499 2345 complu-

217 2361 324 2400 ribus
343 2364 523 2402 narravit.
581 2363 640 2401 Ea
658 2375 720 2401 res
739 2363 778 2400 in
797 2363 931 2413 primis
951 2362 1079 2400 studia
1108 2361 1305 2399 hominum
1325 2358 1501 2405 accendit
1531 2380 1537 2381 ff
