1526 2566
17 198 40 236 2³
613 204 893 232 GAT1L1NA.
1363 195 1413 234 45

94 310 170 352 bus
188 311 404 362 conjuratis
424 310 642 349 decernere.
689 311 715 328 ¹⁴
733 309 889 356 Quanto
909 322 978 347 vos
997 308 1190 347 attentius
1210 321 1256 347 ea
1275 310 1411 360 agetis,

33 378 37 381 ⁴
93 380 207 415 tanto
241 375 322 414 illis
356 375 512 414 animus
543 374 733 412 infirmior
767 374 863 412 erit:
894 373 927 412 si
957 373 1162 423 paululum
1196 373 1312 411 modo
1343 387 1411 411 vos

94 439 281 491 languere
309 439 493 489 viderint,
509 441 592 490 jam
612 451 746 476 omnes
774 439 923 476 feroces
953 438 1130 476 aderunt.
1190 437 1326 475 Nolite
1347 451 1410 476 ex·
1448 456 1466 471 n

92 503 271 542 intimare
305 505 474 554 majores
506 508 662 541 nostros
703 502 823 540 armis
856 515 939 540 rem
973 501 1171 552 publicam
1207 513 1256 538 ex
1289 514 1409 551 parva

92 550 274 618 magnam
294 567 444 605 fecisse.
496 567 539 606 Si
559 567 616 604 ita
635 579 698 604 res
719 571 832 616 esset,
852 565 977 603 multo
997 564 1299 616 pulcherrimam
1322 577 1407 601 eam

90 643 162 669 nos
194 631 446 669 haberemus:
475 631 618 682 quippe
651 630 843 668 sociorum
877 635 995 681 atque
1027 628 1183 679 civium,
1216 634 1407 679 praeterea

92 708 288 734 armorum
315 700 432 746 atque
462 708 649 746 equorum
670 696 795 744 major
818 694 931 732 nobis
951 693 1062 744 copia
1081 707 1199 745 quam
1229 693 1313 731 illis
1333 698 1402 730 est.

93 759 172 798 Sed
192 759 270 797 alia
288 759 410 808 fuere,
428 772 517 810 quae
546 759 636 797 illos
657 772 817 809 magnos
837 759 974 805 fecere,
997 759 1023 776 ¹⁵
1036 772 1124 810 quae
1152 758 1266 796 nobis
1293 757 1404 796 nulla

91 830 207 874 sunt;
239 823 345 862 domi
380 823 585 873 industria,
618 823 714 861 foris
744 825 896 873 justum
931 823 1150 873 imperium,
1181 823 1334 860 animus
1362 822 1403 859 in

91 887 329 926 consulendo
359 887 470 938 liber,
500 901 625 939 neque
658 887 802 925 delicto
842 900 969 938 neque
1003 887 1163 925 libidini
1197 887 1398 925 obnoxius.
1449 908 1454 910 -

91 951 171 990 Pro
202 951 264 990 his
293 965 364 990 nos
400 952 588 990 habemus
619 952 814 990 luxuriam
848 957 966 1003 atque
1000 952 1218 1001 avaritiam,
1243 951 1400 1002 publice

91 1020 317 1066 egestatem,
335 1017 519 1066 privatim
552 1016 816 1067 opulentiam;
848 1015 1053 1054 laudamus
1082 1016 1255 1066 divitias,
1276 1015 1400 1068 sequi-

90 1090 178 1117 mur
208 1078 412 1128 inertiam;
443 1079 548 1117 inter
567 1079 688 1118 bonos
708 1085 749 1116 et
768 1079 892 1117 malos
911 1080 1121 1117 discrimen
1140 1079 1293 1117 nullum
1314 1084 1396 1130 est,

90 1142 118 1160 ¹⁸
133 1143 264 1180 omnia
289 1143 450 1182 virtutis
470 1143 630 1194 praemia
649 1143 812 1182 ambitio
842 1144 1024 1195 possidet.
1084 1144 1223 1196 Neque
1243 1145 1399 1195 mirum,

89 1206 116 1224 ¹⁷
127 1205 196 1244 ubi
215 1219 283 1245 vos
303 1207 510 1258 separatim
531 1207 607 1245 sibi
627 1208 791 1259 quisque
811 1208 1016 1246 eonsilium
1037 1208 1188 1259 capitis,
1202 1209 1271 1247 ubi
1291 1209 1398 1247 domi

85 1261 364 1321 voluptatibus,
395 1271 459 1310 hic
486 1273 672 1322 pecuniae·
695 1278 763 1310 aut
792 1274 932 1323 gratiae
964 1274 1140 1323 servitis,
1187 1287 1232 1312 eo
1262 1275 1318 1324 fit,
1350 1279 1397 1312 ut

83 1334 253 1386 impetus
290 1336 359 1373 fiat
391 1335 432 1373 in
471 1349 634 1374 vacuam
672 1350 756 1374 rem
794 1337 1004 1388 publicam.
1081 1337 1161 1376 Sed
1200 1351 1272 1389 ego
1311 1338 1395 1377 haec

81 1400 231 1438 omitto.

159 1463 456 1515 “conjuravere
500 1465 738 1504 nobilissimi
771 1466 876 1504 cives
919 1466 946 1484 ¹⁸
961 1467 1130 1518 patriam
1173 1467 1393 1518 incendere,

81 1526 283 1567 Gallorum
304 1535 460 1580 gentem
481 1530 775 1568 infestissimam
794 1531 943 1570 nomini
973 1532 1151 1570 Romano
1172 1531 1220 1569 ad
1242 1531 1390 1569 bellum

78 1600 302 1643 arcessunt5
334 1595 415 1632 dux
435 1595 606 1633 hostium
627 1609 714 1633 cum
736 1596 913 1633 exercitu
933 1609 1050 1647 supra
1070 1602 1187 1646 caput
1207 1602 1268 1634 est
1286 1610 1293 1634 ;
1322 1610 1390 1634 vos

78 1658 317 1695 cunctamini
337 1659 571 1708 etiamnunc,
591 1660 686 1710 quid
707 1660 812 1697 intra
831 1660 972 1698 moenia
1001 1661 1253 1710 deprehensis
1272 1660 1391 1698 hosti·

76 1723 151 1763 bus
180 1723 364 1760 faciatis(²
423 1725 448 1742 ¹⁹
465 1723 744 1774 Misereamini,
779 1737 927 1773 censeo,
960 1725 1178 1776 (deliquere
1213 1725 1389 1762 homines

76 1788 360 1827 adolescentuli
388 1802 457 1839 per
485 1788 766 1840 ambitionem,)
789 1795 906 1841 atque
927 1790 1046 1827 etiam
1067 1796 1237 1828 armatos
1258 1791 1388 1828 dimit-

76 1853 181 1891 tatis.
239 1854 268 1872 '⁰
283 1853 358 1892 Nae
377 1854 454 1892 ista
473 1854 585 1893 vobis
613 1855 874 1893 mansuetudo
905 1861 945 1893 et
971 1855 1250 1907 misericordia,
1272 1857 1305 1895 si
1326 1857 1387 1894 illi

74 1931 183 1957 arma
201 1919 387 1970 ceperint,
407 1920 447 1956 in
474 1919 672 1958 miseriam
699 1926 910 1959 convertet.
969 1922 995 1939 ²¹
1013 1921 1176 1960 Scilicet
1205 1936 1268 1961 res
1302 1923 1386 1973 ipsa

73 1995 210 2034 aspera
229 1989 299 2034 est,
319 1984 387 2021 sed
419 1997 583 2026 vosnon
604 1985 755 2022 timetis
775 1998 870 2023 eam.
929 1986 1057 2024 Immo
1076 2000 1169 2025 vero
1189 1988 1382 2038 maxime3

72 2047 141 2086 sed
161 2048 304 2086 inertia
323 2054 365 2086 et
385 2048 554 2086 mollitia
574 2049 695 2086 animi
713 2049 816 2087 alius
835 2050 957 2088 alium
979 2056 1253 2102 exspectantes
1273 2065 1384 2089 eunc-

70 2111 222 2162 tamini,
251 2112 440 2150 videlicet
479 2113 541 2151 dis
571 2113 860 2152 immortalibus
894 2115 1039 2166 confisi,
1072 2115 1140 2167 qui
1173 2115 1273 2154 hanc
1302 2129 1383 2153 rem

68 2176 266 2228 publicam
285 2177 325 2215 in
341 2178 523 2216 maximis
539 2192 640 2229 saepe
659 2179 845 2230 periculis
865 2194 1076 2220 servavere.
1126 2182 1154 2199 ²²
1169 2182 1259 2219 Non
1279 2181 1383 2220 votis

69 2253 195 2292 neque
241 2243 443 2293 suppliciis
483 2243 742 2282 muliebribus
775 2246 924 2283 auxilia
958 2247 1119 2284 deorum
1164 2251 1379 2296 parantur,

70 2304 280 2357 vigilando,
300 2308 462 2358 agendo,
483 2308 580 2346 bene
601 2309 836 2348 consulendo
855 2324 1039 2361 prospera
1060 2310 1190 2348 omnia
1210 2310 1378 2348 cedunt:

70 2367 140 2406 ubi
160 2371 344 2409 socordiae
363 2377 403 2410 te
423 2369 554 2423 atque*
572 2371 738 2422 ignaviae
758 2374 981 2423 tradideris,
1000 2374 1264 2425 nequidquam
1287 2373 1379 2412 deos

68 2432 272 2486 implores;
303 2436 396 2476 irati
427 2438 639 2490 infestique
670 2445 770 2477 sunt.
829 2441 950 2491 Apud
970 2442 1138 2491 majores
1157 2434 1311 2479 nostros
1332 2440 1375 2479 Τ.
