1586 2600
1427 179 1447 188 n

665 188 970 214 JUGURTHA.
1425 179 1470 215 01

136 297 224 331 „tus
243 305 368 344 neque
389 291 564 331 thesauri
590 291 773 343 praesidia
801 291 912 342 regni
943 295 1046 341 sunt,
1065 304 1201 329 verum
1232 291 1358 340 amici,
1378 305 1475 343 quos

158 369 284 408 neque
315 356 434 395 armis
463 369 609 407 cogere,
635 369 760 407 neque
791 369 885 394 auro
916 369 1052 406 parare
1080 368 1200 407 queas
1217 369 1224 405 3
1259 356 1406 393 ⁴officio
1436 362 1476 394 et

103 423 109 429 '
158 421 233 458 fide
252 421 467 471 pariuntur.
527 420 651 466 ⁶Quis
672 425 802 458 autem
835 419 1005 470 amicior,
1025 434 1142 471 quam
1174 420 1296 458 frater
1325 421 1471 458 fratri?

159 487 227 521 aut
259 497 373 535 quem
409 484 581 521 alienum
615 484 734 521 fidum
770 484 954 532 invenies,
986 484 1019 521 si
1053 483 1132 521 tuis
1165 484 1290 521 hostis
1323 484 1472 522 fueris?

162 546 358 598 Equidem
379 561 450 598 ego
470 548 580 586 vobis
594 561 755 598 regnum
769 548 882 585 trado
902 548 1067 598 firmum,
1089 548 1120 586 si
1141 548 1233 586 boni
1254 548 1387 598 eritis,
1411 549 1470 586 sin

158 612 263 662 mali,
283 612 534 651 imbecillum.
594 612 697 650 Nam
719 612 924 650 concordia
954 626 1084 662 parvae
1103 625 1165 650 res
1186 618 1378 662 crescunt,
1398 613 1474 651 dis-

158 676 291 714 cordia
324 676 506 715 maximae
539 675 778 715 dilabuntur.
837 675 1050 714 ⁶Ceterum
1084 681 1175 714 ante
1209 676 1279 714 hos
1314 681 1364 726 te,
1400 676 1471 714 Ju-

156 739 311 790 gurtha,
324 740 392 791 qui
411 745 527 778 aetate
544 745 584 778 et
604 740 794 791 sapientia
813 740 918 790 prior
934 753 986 790 es,
999 754 1046 778 ne
1067 740 1183 778 aliter
1196 740 1291 791 quid
1305 740 1472 790 eveniat,

156 804 359 855 providere
390 804 522 853 decet3
564 818 654 842 nam
684 804 725 841 in
756 805 861 842 omni
896 803 1119 853 certamine,
1148 804 1215 855 qui
1250 804 1473 855 opulentior

157 872 228 917 est=
248 868 367 906 etiam
388 868 421 906 si
440 868 584 918 accipit
603 867 799 918 injuriam,
819 872 950 905 tamen
970 868 1062 919 quia
1075 868 1162 918 plus
1179 872 1319 918 potest,
1339 868 1467 905 facere

156 921 321 971 videtur.
380 933 463 972 Vos
494 938 636 982 autem,
669 933 873 971 Adherbal
905 938 944 970 et
977 933 1195 983 Hiempsal,
1222 933 1377 983 ⁷colite,
1408 933 1471 971 ob-

158 1002 309 1035 servate
339 997 458 1035 talem
489 998 592 1035 hunc
622 998 775 1047 virum,
803 998 1029 1045 ‚imitamini
1058 998 1259 1048 virtutem,
1288 1003 1328 1036 et
1359 998 1471 1036 eniti-

157 1060 266 1110 mini,
283 1073 332 1099 ne
363 1074 432 1112 ego
467 1062 647 1100 meliores
677 1062 822 1100 liberos
853 1062 1063 1112 sumpsisse
1097 1062 1242 1112 videar,
1262 1076 1378 1114 quam
1408 1076 1471 1113 ge-

157 1125 323 1163 nuisse.’'

235 1189 310 1227 XI.
343 1190 409 1227 Ad
439 1203 484 1228 ea
505 1190 534 1228 J
536 1190 717 1241 ugurtha,
738 1190 897 1228 tametsi
917 1204 1047 1241 regem
1079 1192 1088 1208 ¹
1103 1191 1192 1228 ficta
1211 1191 1385 1229 locutum
1415 1191 1470 1229 in-

155 1253 379 1304 tellegebat,
399 1258 440 1291 et
466 1253 547 1304 ipse
580 1254 694 1304 longe
726 1254 842 1292 aliter
872 1254 1002 1292 animo
1033 1254 1220 1305 agitabat,
1241 1260 1372 1293 tamen
1400 1268 1469 1306 pro

154 1323 327 1368 tempore
362 1317 528 1367 benigne
562 1318 772 1367 respondit.
843 1317 1011 1368 Micipsa
1045 1318 1178 1368 paucis
1211 1324 1299 1368 post
1331 1319 1468 1357 diebus

153 1383 327 1421 moritur.
387 1383 602 1435 Postquam
632 1383 695 1420 illi
716 1396 822 1437 mog-e
842 1384 950 1433 regio
978 1384 1110 1433 ²justa
1139 1384 1342 1434 magnifice
1371 1385 1468 1422 fece-

152 1452 251 1498 rant,
277 1447 404 1498 reguli
435 1448 475 1485 in
506 1461 626 1485 unum
659 1453 933 1498 convenerunt,
953 1454 998 1485 ut
1029 1449 1131 1486 inter
1163 1462 1203 1486 se
1236 1449 1283 1487 de
1315 1450 1467 1488 eunctis

151 1512 319 1562 negotiis
339 1513 614 1563 disceptarent.
674 1511 752 1551 Sed
776 1512 994 1563 Hiempsal,
1016 1513 1084 1564 qui
1104 1513 1288 1551 minimus
1309 1527 1357 1551 ex
1387 1514 1467 1552 illis

152 1581 247 1626 erat,
276 1577 443 1614 ³natura
471 1577 593 1626 ferox,
615 1582 655 1614 et
683 1578 764 1626 jam
795 1581 885 1614 ante
919 1577 1211 1626 ignobilitatem
1243 1578 1467 1628 Jugurthae,

151 1641 244 1692 quia
262 1646 439 1680 materno
459 1653 599 1691 genere
620 1641 745 1690 impar
765 1645 861 1689 erat,
882 1641 1111 1690 despiciens,
1128 1641 1292 1679 dextera
1313 1637 1467 1680 Adher-

151 1705 279 1744 balem
309 1705 465 1754 assedit,
494 1718 542 1741 ne
574 1704 726 1742 medius
757 1717 806 1741 ex
838 1704 976 1753 tribus,
1004 1705 1108 1756 quod
1138 1706 1240 1756 apud
1271 1706 1466 1744 Numidas

150 1769 287 1808 honori
308 1769 478 1818 ducitur,
499 1768 528 1807 J
531 1768 701 1819 ugurtha
721 1769 831 1806 foret.
891 1769 993 1806 Dein
1014 1774 1146 1807 tamen
1165 1775 1211 1808 ut
1239 1771 1350 1808 aetati
1379 1784 1465 1810 con-

151 1835 308 1872 cederet
336 1833 553 1884 ⁴fatigatus
581 1847 603 1871 a
631 1834 767 1883 fratre,
787 1833 854 1872 vix
888 1834 927 1871 in
960 1839 1110 1884 partem
1145 1835 1310 1873 alteram
1344 1842 1465 1874 trans-

151 1899 292 1937 ductus
330 1903 399 1936 est.
458 1898 523 1937 Ibi
560 1912 680 1950 quum
713 1898 839 1936 multa
873 1898 920 1936 de
954 1899 1266 1939 administrando
1300 1901 1464 1952 imperio

150 1964 399 2015 dissererent,
420 1963 450 2001 J
452 1964 623 2014 ugurtha
643 1964 744 2001 inter
770 1964 868 2002 alias
889 1977 951 2002 res
972 1965 984 1982 ⁶
993 1964 1102 2015 jacit,
1124 1966 1326 2016 ‘oportere
1353 1967 1464 2018 quin-

147 2028 309 2081 quennii
338 2029 514 2066 consulta
548 2033 589 2065 et
622 2028 779 2066 decreta
812 2029 942 2066 omnia
972 2029 1166 2079 rescindi,
1202 2043 1292 2067 nam
1321 2043 1390 2080 per
1419 2044 1464 2068 ea
1497 2079 1499 2081 ‚

149 2099 324 2144 tempora
345 2093 564 2131 confectum
585 2092 696 2130 annis
718 2092 923 2143 Micipsam
943 2107 1080 2143 parum
1109 2094 1239 2132 animo
1267 2094 1461 2132 valuisse.’

151 2156 252 2195 Tum
283 2156 458 2195 “idem’
492 2155 700 2207 Hiempsal
731 2155 907 2206 ‘placere
939 2157 1036 2195 sibi’
1076 2158 1303 2208 respondit,
1347 2158 1462 2195 ‘nam

148 2220 276 2271 ipsum
298 2221 411 2259 illum
433 2221 560 2259 tribus
586 2220 775 2271 proximis
807 2221 916 2258 annis
946 2221 1196 2272 adoptatione
1227 2222 1268 2259 in
1297 2234 1460 2271 regnum

148 2285 391 2335 pervenisse)
458 2284 598 2331 ⁷Quod
634 2284 796 2323 verbum
830 2285 870 2322 in
906 2291 1042 2335 pectus
1077 2285 1291 2335 Jugurthae
1330 2284 1460 2335 altius,

149 2361 264 2399 quam
285 2349 490 2401 quisquam
511 2355 620 2387 ratus
647 2354 742 2395 erat,
763 2348 973 2386 descendit.
1034 2349 1177 2400 Itaque
1210 2362 1258 2386 ex
1290 2362 1334 2386 eo
1365 2353 1459 2387 tem-

149 2425 242 2463 pore
274 2412 358 2452 ⁸ira
387 2419 428 2452 et
457 2419 566 2452 metu
597 2413 736 2452 anxius
766 2413 908 2463 moliri,
937 2427 1084 2465 parare.
1117 2419 1234 2465 atque
1267 2427 1311 2452 ea
1343 2415 1458 2453 modo
