1630 2612
172 163 216 199 16
519 175 560 199 c.
610 173 790 199 carsr1
836 174 1114 199 SALLus'rn

165 275 355 313 niensium
387 276 489 312 facta
517 288 584 325 pro
613 276 791 312 maximis
820 275 1071 313 celebrantur.
1129 276 1193 313 Ita
1220 289 1361 327 eorum,
1380 277 1447 329 qui

164 338 233 375 ²ea
258 338 393 388 fecere,
412 338 536 376 virtus
565 343 674 375 tanta
704 338 878 387 habetur,
897 343 1083 388 quantum
1114 351 1158 375 ea
1186 339 1313 377 verbis
1339 345 1447 390 potu·

164 414 226 439 ere
247 402 432 439 extollere
463 402 646 451 praeclara
676 402 838 451 ingenia.
897 402 953 438 At
982 403 1121 451 populo
1152 402 1326 441 Romano
1353 417 1446 441 nun·
1471 417 1477 426 -·

161 478 275 516 quam
298 466 307 483 ¹
324 479 367 503 ea
387 466 494 515 copia
513 466 598 514 fuit,
617 466 707 516 quia
740 466 1060 515 prudentissimus
1091 466 1250 516 quisque
1278 467 1444 505 maxime

161 529 381 578 negotiosus
412 534 518 578 erat3
554 530 748 578 ingenium
778 542 888 566 nemo
920 529 1000 566 sine
1032 542 1184 579 corpore
1215 530 1442 580 exeroebat3

164 591 355 640 “optimus
384 592 545 642 quisque
567 593 578 609 ⁶
595 592 719 629 facere
751 605 864 642 quam
898 592 1035 641 dicere,
1055 605 1123 629 sua
1153 592 1201 630 ab
1231 592 1318 630 aliis
1346 593 1443 631 bene

159 654 261 691 facta
281 654 441 703 laudari,
461 669 574 705 quam
596 656 676 704 ipse
697 655 858 692 aliorum
879 668 1032 692 narrare
1052 655 1230 694 malebat.

237 716 310 754 IX.
344 717 497 766 ¹Igitur
525 718 628 755 domi
660 718 885 768 militiaeque
918 717 1007 755 boni
1040 730 1163 755 mores
1193 717 1440 756 colebantur:

158 780 360 817 concordia
392 781 571 829 maxima,
600 781 758 818 minima
791 781 954 818 avaritia
987 785 1094 829 erat3
1132 782 1197 829 jus
1225 781 1441 832 bonumque

157 843 258 892 apud
287 856 350 881 eos
378 857 453 881 non
481 844 630 894 legibus
660 845 782 894 magis
801 858 914 895 quam
940 849 1077 881 natura
1104 844 1266 882 valebat.
1323 845 1335 862 ²
1352 844 1442 882 Jur-

156 906 230 956 gia,
251 907 470 957 discordias,
491 908 708 945 simultates
736 921 820 945 cum
849 908 1024 945 hostibus
1052 908 1306 956 exercebant3
1338 908 1440 946 cives

156 981 242 1006 cum
270 970 417 1008 civibus
448 971 494 1007 de
525 971 668 1009 virtute
698 971 921 1009 certabant:
960 971 1024 1007 ³in
1055 970 1253 1020 suppliciis
1284 970 1440 1008 deorum

155 1034 357 1083 magnifici,
396 1035 499 1071 domi
535 1035 651 1084 parci,
685 1035 724 1071 in
761 1034 894 1071 amicis
927 1035 1059 1071 fideles
1093 1039 1210 1071 erant.
1280 1034 1440 1072 Duabus

154 1094 214 1132 his
247 1096 406 1145 artibus,
434 1097 593 1133 audacia
626 1097 665 1133 in
698 1097 811 1145 bello,
838 1097 906 1134 ubi
937 1109 1013 1146 pax
1046 1101 1234 1145 evenerat,
1257 1097 1439 1146 aequitate

155 1159 295 1209 ⁴seque
323 1173 479 1210 remque
509 1160 702 1210 publicam
733 1161 927 1198 curabant.
986 1159 1182 1205 “Quarum
1209 1173 1337 1197 rerum
1366 1173 1436 1210 ego

153 1222 322 1260 maxima
359 1223 586 1260 documenta
622 1223 703 1260 haec
746 1223 879 1271 habeo,
915 1223 1017 1273 quod
1062 1223 1101 1259 in
1146 1222 1249 1260 bello
1295 1222 1434 1272 saepius

152 1285 389 1323 vindicatum
426 1291 486 1323 est
522 1275 672 1334 ineos,
700 1286 766 1336 qui
803 1291 935 1323 contra
971 1285 1174 1335 imperium
1211 1285 1251 1323 in
1287 1285 1436 1324 hostem

152 1353 428 1398 pugnaverant,
446 1349 587 1399 quique
619 1349 778 1398 tardius,
806 1349 985 1397 revocati,
1013 1349 1146 1398 proelio
1177 1353 1431 1398 excesserant,

153 1411 291 1461 ⁸quam
321 1411 388 1461 qui
426 1412 535 1461 signa
566 1411 792 1462 relinquere,
822 1416 899 1460 aut,
929 1411 1041 1461 pulsi,
1070 1411 1152 1448 loco
1182 1411 1315 1448 cedere
1354 1411 1438 1448 ausi

151 1479 284 1522 erant3
320 1475 359 1510 in
393 1487 484 1524 pace
517 1487 618 1523 vero,
646 1474 747 1524 quod
781 1474 999 1512 ⁷beneficiis
1013 1471 1169 1525 (magis)
1183 1487 1295 1524 quam
1330 1479 1436 1511 metu

150 1537 354 1586 imperium
392 1537 601 1587 agitabant,
635 1542 685 1586 et,
718 1542 873 1587 accepta
907 1537 1059 1586 injuria,
1092 1537 1286 1586 ignoscere
1319 1549 1433 1587 quam

149 1600 328 1650 persequi
348 1599 553 1638 malebant.

227 1663 275 1700 X.
299 1663 375 1701 Sed
391 1664 458 1701 ubi
473 1663 602 1701 labore
617 1668 732 1714 atque
741 1663 895 1713 justitia
910 1676 970 1701 res
985 1663 1139 1713 publica
1154 1662 1286 1712 crevit,
1301 1663 1311 1680 ¹
1325 1674 1434 1712 reges

149 1727 278 1775 magni
311 1727 412 1764 bello
447 1727 594 1775 domiti,
622 1727 797 1764 nationes
829 1727 920 1765 ferae
952 1731 991 1764 et
1022 1726 1154 1776 populi
1187 1725 1362 1775 ingentes
1393 1725 1434 1764 vi

149 1789 309 1838 subacti,
335 1789 567 1838 ²Carthago,
592 1789 729 1827 aemula
762 1789 915 1839 imperii
946 1789 1123 1838 Romani,
1149 1788 1197 1827 ab
1230 1788 1347 1838 stirpe
1379 1788 1434 1825 in-

148 1853 267 1902 teriit,
304 1858 440 1890 cuncta
477 1852 597 1890 maria
643 1858 829 1902 terraeque
866 1853 1060 1902 patebant,
1098 1851 1231 1890 saevire
1275 1851 1455 1889 fortuna<

147 1929 191 1954 ac
221 1917 382 1953 miscere
413 1916 540 1953 omnia
573 1915 695 1965 coepit.
753 1914 855 1959 ³Qui
889 1915 1049 1964 labores,
1081 1913 1263 1964 pericula,
1295 1912 1431 1951 dubias

148 1985 263 2031 atque
294 1991 445 2029 asperas
475 1991 536 2015 res
567 1978 680 2015 facile
714 1978 982 2026 toleraverant,
1014 1977 1075 2014 his
1108 1977 1240 2022 otium,
1273 1974 1431 2024 divitiae,

147 2042 325 2093 optandae
354 2041 453 2091 aliis,
483 2041 589 2078 oneri
619 2041 858 2091 miseriaeque
888 2041 1004 2078 fuere.
1062 2039 1190 2090 Igitur
1219 2038 1342 2088 primo
1369 2050 1430 2088 pe-

147 2105 280 2155 cuniae,
308 2104 446 2142 deinde
475 2104 626 2153 imperii
656 2104 793 2153 cupido
823 2103 968 2141 crevit:
1008 2103 1080 2140 ⁴ea
1108 2101 1217 2153 quasi
1246 2100 1428 2139 materies

147 2169 315 2206 omnium
353 2167 542 2206 malorum
579 2168 695 2205 fuere.
754 2167 931 2218 Namque
969 2165 1130 2204 avaritia
1166 2165 1291 2214 fidem,
1320 2164 1429 2214 prob·

146 2232 293 2282 itatem,
324 2236 545 2282 ceterasque
576 2235 678 2268 artes
711 2231 830 2269 bonas
863 2230 1076 2278 subvertit;
1110 2242 1178 2278 pro
1211 2228 1271 2266 his
1305 2240 1431 2277 super-

146 2293 260 2343 biam,
305 2294 586 2343 crudelitatem,
625 2293 714 2330 deos
759 2292 964 2342 negligere,
1002 2291 1128 2329 omnia
1171 2289 1322 2328 venalia
1367 2288 1431 2326 ha-

147 2355 235 2395 bere
270 2357 431 2395 edocuit.
501 2356 676 2395 Ambitio
706 2355 847 2393 multos
881 2355 1062 2392 mortales
1093 2353 1210 2391 falsos
1236 2351 1319 2390 fieri
1346 2351 1431 2391 sub·
