1586 2600
607 173 914 200 sucunrna.
1371 165 1420 200 75

184 279 396 320 XXVIII.
429 279 488 318 At
522 278 553 318 J
555 278 737 329 ugurtha,
771 283 907 316 contra
940 290 1048 328 spem
1076 276 1216 315 nuntio
1250 282 1421 328 accepto,

105 346 247 400 quippe
281 346 345 383 cui
380 345 519 383 Romae
550 346 559 363 ¹
574 345 705 383 omnia
738 357 880 383 venum
916 343 974 381 ire
1008 343 1048 380 in
1082 343 1212 382 animo
1242 342 1421 393 haeserat,

105 411 227 449 fllium
248 415 288 448 et
307 423 396 447 cum
417 422 462 447 eo
483 410 580 447 duos
600 409 816 447 familiares
832 408 881 446 ad
902 413 1081 446 senatum
1103 407 1254 457 legatos
1269 407 1418 457 mittit,

105 473 253 525 hisque,
268 478 314 511 ut
334 465 424 522 illi‘s,
441 486 538 524 quos
556 471 786 523 Hiempsale
808 472 1016 510 interfecto
1037 472 1210 521 miserat,
1224 470 1422 522 praecepit,

126 550 260 576 omnes
289 537 475 575 mortales
507 536 673 587 pecunia
704 537 1008 587 aggrediantur)
1076 537 1088 555 ²
1106 535 1184 582 Qui
1213 541 1422 587 postquam

107 602 272 653 Romam
294 601 572 649 adventabant,
591 606 750 639 senatus
781 615 803 638 a
824 601 962 651 Bestia
983 602 1184 639 consultus
1216 605 1288 650 est,
1319 599 1423 650 ‘pla-

105 673 261 706 ceretne
281 668 431 718 legatos
452 667 481 705 J
484 667 666 717 ugurthae
685 667 806 717 recipi
826 667 1019 705 moenibus
1029 669 1048 704 z'
1078 667 1183 718 iique
1204 666 1423 721 decrevere,

64 751 65 755 ¹
105 733 204 784 ‘'nisi
234 746 396 784 regnum
429 733 632 784 ipsumque
665 732 843 770 deditum
877 732 1088 779 venissent,
1120 732 1181 769 uti
1214 731 1254 769 in
1283 730 1424 769 diebus

104 799 295 851 proximis
329 798 462 836 decem
481 798 616 835 .Italia
649 798 906 836 decederent!
977 797 1123 836 Consul
1155 797 1343 835 Numidis
1374 809 1424 834 ex

105 865 232 904 senati
253 865 410 903 decreto
430 864 605 902 nuntiari
624 865 760 915 jubet,
793 864 849 902 ita
869 864 1027 901 infectis
1046 863 1163 901 rebus
1184 863 1244 901 illi
1265 863 1423 900 domum

106 929 322 968 discedunt.
365 929 532 967 Interim
557 928 805 979 Calpurnius,
826 934 963 979 parato
985 928 1172 978 exercitu,
1194 928 1327 977 ⁸legat
1347 926 1423 964 sibi

106 993 282 1032 homines
311 993 474 1042 nobiles,
502 993 699 1042 factiosos,
730 1006 896 1044 quorum
927 993 1175 1041 auctoritate,
1209 1005 1296 1042 quae
1330 991 1425 1029 deli-

107 1058 269 1109 quisset,
289 1056 442 1095 munita
472 1057 554 1094 fore
589 1057 791 1107 sperabat:
823 1057 971 1107 inquis
1002 1056 1080 1094 fuit
1110 1056 1292 1105 Scaurus,
1313 1057 1424 1105 cujus

109 1122 156 1160 de
176 1126 318 1160 natura
338 1127 378 1159 et
397 1121 537 1159 habitu
558 1134 674 1171 supra
694 1121 1004 1158 memoravimus.
1052 1120 1154 1158 Nam
1179 1121 1190 1138 ⁴
1204 1120 1244 1156 in
1265 1119 1424 1157 consule

106 1191 240 1225 nostro
260 1187 397 1224 multae
427 1186 615 1237 bonaeque
645 1191 749 1223 artes
770 1186 892 1223 animi
923 1190 963 1222 et
991 1188 1162 1235 corporis
1184 1189 1307 1234 erant,
1327 1197 1424 1236 quas

107 1265 240 1291 omnes
269 1251 436 1290 avaritia
455 1251 721 1302 praepediebat
738 1265 744 1288 :
775 1251 928 1300 patiens
948 1250 1138 1299 laborum,
1157 1250 1238 1288 acri
1258 1250 1425 1300 ingenio,

109 1317 206 1355 satis
233 1316 453 1366 providens,
472 1315 568 1354 belli
588 1315 693 1352 haud
715 1315 885 1365 ignarus,
904 1314 1152 1352 firmissimus
1172 1319 1308 1352 contra
1328 1313 1426 1364 peri-

108 1380 196 1418 cula
215 1385 255 1418 et
283 1379 454 1419 insidias.
515 1378 592 1417 Sed
613 1379 787 1429 legiones
807 1392 874 1428 per
897 1378 1056 1416 Italiam
1077 1378 1275 1428 Rhegium
1307 1383 1425 1429 atque

108 1443 199 1482 inde
220 1443 408 1494 Siciliam,
428 1455 541 1494 porro
562 1456 610 1480 ex
631 1442 768 1481 Sicilia
789 1442 827 1479 in
851 1442 1031 1479 Africam
1052 1447 1295 1480 tvansveetae.
1347 1441 1426 1492 Igi-

109 1513 174 1547 tur
204 1507 440 1559 Calpurnius
474 1507 601 1556 initio,
620 1507 768 1557 paratis
797 1506 1091 1556 commeatibus,
1112 1506 1257 1544 acriter
1288 1506 1427 1544 Numi-

110 1573 216 1612 diam
250 1573 448 1623 ingressus
483 1577 554 1619 est,
574 1571 798 1622 multosque
832 1570 1018 1608 mortales
1053 1575 1093 1608 et
1126 1571 1243 1619 urbes
1274 1570 1428 1621 aliquot

108 1636 318 1688 pugnando
338 1635 450 1685 cepit.

190 1698 351 1738 XXIX.
385 1698 463 1737 Sed
482 1698 551 1736 ubi
573 1698 602 1736 J
605 1698 777 1748 ugurtha
796 1711 865 1748 per
880 1697 1031 1748 legatos
1054 1699 1062 1715 ¹
1078 1698 1244 1748 pecunia
1260 1703 1427 1748 tentare,

108 1764 294 1816 bellique,
314 1763 418 1814 quod
447 1762 760 1811 administrabat,
780 1763 1033 1813 asperitatem
1063 1763 1268 1800 ostendere
1298 1762 1427 1813 coepit,

110 1829 263 1868 animus
282 1841 386 1878 aeger
406 1827 572 1865 avaritia
591 1827 706 1865 facile
727 1840 935 1866 conversus
955 1833 1025 1865 est.
1085 1825 1270 1865 Ceterum
1298 1826 1427 1864 socius

110 1899 151 1932 et
170 1892 402 1931 administer
422 1891 594 1930 omnium
615 1891 866 1930 consiliorum
894 1891 1108 1929 assumitur
1139 1890 1335 1940 Scaurus,
1357 1890 1427 1942 qui

109 1957 269 1996 tametsi
289 1957 338 1994 ²a
368 1956 571 2007 principio,
598 1956 795 2007 plerisque
826 1969 875 1994 ex
903 1956 1074 1994 factione
1106 1957 1191 2006 ejus
1221 1955 1426 2006 corruptis,

110 2022 296 2060 acerrime
315 2034 447 2071 regem
469 2021 777 2071 impugnaverat,
796 2026 929 2058 tamen
948 2020 1220 2071 magnitudine
1251 2020 1427 2071 pecuniae

111 2100 134 2125 a
151 2086 252 2125 bono
271 2086 512 2137 honestoque
533 2085 570 2122 in
592 2098 755 2135 pravum
776 2085 996 2123 abstractus
1017 2091 1085 2123 est.
1121 2085 1199 2123 Sed
1222 2085 1251 2123 J
1254 2084 1427 2134 ugurtha

110 2150 235 2202 primo
273 2149 544 2188 tantummodo
583 2148 680 2188 belli
717 2162 866 2193 moram
905 2150 916 2167 ³
930 2149 1161 2199 redimebat,
1194 2148 1426 2186 existimans

112 2227 195 2254 sese
214 2215 365 2275 aliqpid
390 2215 549 2254 interim
581 2215 720 2253 Romae
748 2216 875 2266 pretio
906 2221 975 2253 aut
1007 2215 1135 2266 gratia
1167 2215 1423 2263 effecturum,

111 2284 247 2330 postea
264 2293 356 2319 vero
386 2293 503 2332 quam
535 2279 765 2330 participem
797 2280 946 2330 negotii
979 2280 1169 2319 Scaurum
1202 2278 1364 2327 accepit,
1384 2277 1425 2315 in

112 2343 323 2382 maximam
357 2358 464 2395 spem
496 2345 690 2383 adductus
721 2345 996 2394 recuperandae
1029 2345 1147 2395 pacis,
1168 2342 1310 2380 statuit
1338 2355 1425 2381 cum

114 2408 172 2447 eis
190 2408 238 2447 de
258 2409 436 2449 omnibus
455 2410 703 2461 pactionibus
722 2423 890 2461 praesens
906 2424 1030 2461 agere.
1075 2410 1260 2449 Ceterum
1275 2409 1434 2447 interea.
