1566 2586
11 2031 26 2068 ’ἢ

8 2066 26 2084 «ε,

703 178 1011 204 suana-rua.
1449 173 1520 211 107

199 285 295 340 ‘⁸¹²5
324 282 392 332 ita,
420 294 664 334 quocumque
695 282 930 332 intenderat,
958 295 1022 320 res
1053 282 1227 321 adversae
1259 290 1380 322 erant.
1440 286 1518 326 Sed

197 346 301 385 inter
321 360 386 385 eas
401 360 529 384 moras
544 353 704 397 repente
721 360 806 385 sese
824 347 1013 384 Metellus
1029 359 1117 384 oum
1139 348 1315 386 exercitu
1331 351 1514 389 ostendit.

197 412 384 453 Numidae
420 413 470 451 ab
506 412 709 463 Jugurtha
742 426 811 463 pro
848 418 1021 463 tempore
1055 413 1184 463 parati
1224 414 1514 467 instructique3

196 476 287 516 dein
306 477 486 528 proelium
508 477 703 528 incipitur.
763 476 877 522 ⁴Qua
897 477 937 514 in
965 483 1077 528 parte
1107 491 1177 515 rex
1205 491 1346 528 pugnae
1375 480 1515 531 adfuit,

194 541 252 580 ibi
272 541 516 593 aliquamdiu
537 547 753 591 certatum3
791 542 912 579 cet-eri
932 555 1066 580 omnes
1094 544 1179 592 ejus
1209 543 1358 580 milites
1386 545 1514 594 primo

194 618 404 656 congressu
422 606 526 657 pulsi
546 606 761 657 fugatique.
821 606 992 644 Romani
1020 606 1221 657 signorum
1251 612 1291 645 et
1320 621 1515 647 armorum

195 669 422 722 ‘aliquanto
450 684 623 721 numero,
652 671 825 708 hostium
854 684 1066 722 paucorum
1094 671 1238 722 potiti:
1274 685 1362 710 nam
1394 673 1515 710 ferme

195 733 390 772 Numidas
411 734 450 772 in
471 734 653 773 omnibus
673 734 823 785 proeliis
844 735 970 785 magis
998 734 1117 785 pedes
1145 748 1262 786 quam
1291 749 1399 773 arma
1429 742 1516 773 tuta

193 803 294 836 sunt

273 862 446 902 LXXV.
480 862 540 900 Ea
559 863 652 913 fuga
674 863 888 913 Jugurtha,
907 865 914 880 ¹
931 863 1144 914 impensius
1165 864 1280 902 modo
1297 864 1412 902 rebus
1433 865 1515 904 suis

192 926 380 976 diffidens,
411 940 498 965 cum
531 928 706 978 perfugis
737 932 777 965 et
811 934 922 978 parte
957 928 1158 979 equitatus
1193 929 1232 966 in
1268 929 1514 980 solitudines,

192 991 282 1029 dein
303 991 470 1030 Thalam
490 993 680 1042 pervenit,
701 993 740 1029 in
770 992 956 1043 oppidum
986 1005 1171 1042 magnum
1201 998 1242 1030 et
1271 993 1513 1044 opulentum,

191 1055 260 1094 ubi
297 1055 474 1107 plerique
514 1056 688 1094 thesauri
726 1056 974 1107 filiorumque
1014 1058 1099 1106 ejus
1142 1056 1293 1095 multus
1331 1058 1513 1108 pueritiae

190 1119 322 1157 cultus
342 1125 436 1157 erat.
479 1118 576 1165 Quae
595 1126 801 1171 postquam
824 1121 836 1137 ‘·’
856 1120 1021 1157 Metello
1041 1120 1240 1170 comperta
1260 1127 1362 1170 sunt,
1379 1135 1512 1172 quam·

189 1197 305 1236 qnam
327 1184 431 1221 inter
453 1183 617 1221 Thalam
639 1184 860 1234 flumenque
883 1184 1116 1234 proximum,
1137 1184 1176 1222 in
1197 1185 1324 1235 spatio
1342 1185 1512 1223 millium

189 1248 486 1300 quinquaginta7
503 1248 587 1286 loca
607 1243 855 1300 arida'atque
876 1254 988 1286 vasta
1008 1262 1092 1286 esse
1113 1255 1362 1300 cognoverat.
1381 1255 1511 1288 tamen

188 1325 255 1363 spe
275 1313 458 1364 patrandi
479 1312 585 1362 belli,
606 1314 639 1350 si
660 1314 745 1362 ejus
765 1313 899 1363 oppidi
928 1314 1078 1364 potitus
1108 1314 1221 1362 foret⁷
1243 1327 1376 1351 omnes
1405 1328 1511 1364 aspe-

186 1377 327 1415 ritates
353 1377 624 1428 supervadere,
645 1390 689 1414 ac
718 1384 901 1414 nat-uram
931 1379 1052 1414 etiam
1081 1378 1236 1415 vincere
1268 1379 1507 1428 aggreditur.

188 1441 320 1492 Igitur
340 1442 470 1479 omnia
487 1443 668 1491 jumenta
689 1442 700 1458 ³
716 1442 878 1479 sarcinis
908 1440 1031 1480 levari
1056 1442 1183 1491 jubet,
1203 1442 1283 1479 nisi
1311 1442 1509 1480 frumento

187 1506 340 1544 dierum
369 1506 528 1556 decem3
565 1512 739 1543 ceterum
769 1512 878 1543 utres
910 1506 1025 1544 modo
1054 1512 1094 1544 et
1123 1506 1201 1544 alia
1228 1520 1340 1558 aquae
1368 1507 1510 1544 idonea

185 1570 343 1622 portari.
409 1570 609 1608 Praeterea
651 1570 848 1621 conquirit
891 1583 940 1607 ex
982 1571 1098 1620 agris,
1136 1584 1253 1622 quam
1294 1571 1508 1621 plurimum

185 1639 316 1685 potest
365 1635 379 1653 ⁴
396 1634 536 1672 domiti
584 1634 745 1684 pecoris,
784 1647 906 1684 eoque
957 1634 1125 1684 imponit
1176 1648 1268 1672 vasa
1318 1636 1507 1686 cujusque

186 1698 305 1748 modi,
340 1698 409 1736 sed
450 1698 635 1748 pleraque
678 1697 819 1747 lignea⁷
860 1698 1026 1735 collecta
1066 1711 1115 1735 ex
1158 1699 1327 1748 tuguriis
1369 1699 1507 1737 Numi-

167 1761 333 1799 darum.
393 1761 460 1799 Ad
488 1760 560 1798 hoc
587 1760 766 1798 finitimis
795 1760 973 1811 imperat,
1002 1761 1070 1812 qui
1110 1774 1151 1799 se
1187 1767 1275 1812 post
1310 1762 1414 1812 regis
1450 1763 1508 1800 fu—

185 1839 275 1877 gam
315 1825 480 1863 Metello
519 1825 721 1874 dederant,
756 1826 898 1876 '’quam
937 1825 1150 1876 plurimum
1190 1827 1355 1878 quisque
1395 1841 1506 1879 aquae

187 1895 384 1942 portaret:
416 1890 520 1928 diem
540 1889 756 1941 locumque,
777 1890 845 1928 ubi
864 1896 1006 1941 praesto
1027 1891 1168 1940 forent,
1189 1892 1379 1942 praedicit.
1413 1892 1504 1943 Ipse

188 1969 235 1995 ex
267 1955 437 2006 flumine,
471 1956 613 2014 ⁶quam
652 1955 871 2006 proximam
906 1956 1050 2007 oppido
1085 1970 1227 2008 aquam
1261 1970 1345 1995 esse
1387 1970 1504 2008 supra

188 2022 368 2072 diximus,
385 2023 565 2072 jumenta
593 2027 752 2059 onerat:
789 2035 833 2060 eo
862 2022 977 2060 modo
1007 2022 1224 2060 instructus
1255 2023 1305 2060 ad
1337 2023 1501 2061 Thalam

185 2086 450 2138 proficiscitur.
511 2086 662 2124 Deinde
683 2086 751 2124 ubi
772 2087 783 2104 ⁷
798 2087 847 2124 ad
868 2087 909 2124 id
930 2087 1006 2125 loci
1026 2093 1200 2137 ventum,
1216 2101 1292 2138 quo
1316 2087 1503 2125 Numidis

183 2156 432 2202 praeceperat,
453 2155 493 2187 et
513 2155 642 2188 castra
665 2150 792 2200 posita
820 2151 1049 2202 munita-que
1079 2157 1182 2202 sunt,
1202 2141 1313 2189 tanta
1342 2157 1502 2202 repente

183 2216 280 2254 coelo
312 2216 431 2254 missa
463 2215 523 2254 vis
557 2228 668 2266 aquae
701 2214 923 2265 dicitur‚ut
956 2229 1002 2254 ea
1034 2216 1150 2254 modo
1181 2215 1373 2253 exercitui
1404 2215 1502 2253 satis

184 2293 375 2333 superque
405 2281 516 2318 foret.
588 2280 787 2317 Praeterea
817 2285 1058 2318 commeatus
1096 2294 1162 2331 spe
1201 2279 1378 2329 amplior,
1409 2275 1501 2330 quia.

185 2344 380 2395 Numidae,
401 2334 714 2396 sicuti-plerique
736 2343 749 2362 ⁰
762 2344 802 2382 in
821 2357 920 2383 nova.
940 2345 1155 2394 deditione,
1172 2344 1296 2381 officia
1324 2343 1500 2381 intende·

184 2413 283 2450 rant
341 2408 526 2448 Ceterum
551 2408 700 2447 milites
720 2407 936 2460 ⁹religione
965 2409 1100 2461 pluvia
1128 2407 1254 2458 magis
1282 2407 1355 2458 usi,
1375 2420 1499 2460 eaque
