1586 2586
603 179 885 206 οΑτιιιΝΑ.
1355 170 1405 206 35

325 236 341 270 ὗ

10 287 32 325 ’.
89 285 234 325 mssd
267 274 467 324 consulem
501 289 740 336 ceterosque,
773 283 917 336 quibus
961 283 1116 321 insidiae
1154 284 1405 335 parabantur,

89 351 219 400 fierem
265 349 464 400 Cethegus
497 348 698 388 Ciceronis
733 350 894 399 januam
929 348 1139 398 obsideret,
1171 361 1337 400 eumque
1366 350 1405 388 vi

86 417 378 468 aggrederetur,
413 416 514 455 alius
548 421 680 454 autem
715 415 863 465 alium,
906 415 1002 453 *sed
1039 414 1112 452 filii
1150 414 1405 464 familiarum,

85 483 251 535 quorum
271 496 320 520 ex
339 482 549 521 nobilitate
569 482 743 519 maxima
775 495 866 532 pars
887 486 982 530 erat,
1002 485 1185 531 parentes
1217 480 1406 518 interfice·

85 551 196 596 ren-t3
227 547 357 597 simul,
377 547 482 585 caede
504 551 544 584 et
565 546 744 584 incendio
774 545 964 596 perculsis
984 545 1176 594 omnibus,
1197 545 1246 582 ad
1269 543 1406 583 Catili·
1434 559 1443 569 ⁵

84 619 176 648 nam
195 615 454 662 erumperent.
514 611 526 627 ⁵
539 610 654 648 Inter
685 610 767 647 haec
787 615 924 660 parata
944 615 1063 661 atque
1083 609 1242 647 decreta
1266 607 1405 647 Cethe-

84 686 158 725 gus
190 687 342 725 semper
371 675 610 726 querebatur
646 674 693 711 de
721 674 877 724 ignavia
909 674 1126 712 sociorum:
1157 673 1272 711 ‘illos
1296 671 1405 710 dubi-

84 740 205 777 tando
221 744 263 777 et
277 739 362 778 dies
376 739 608 790 prolatando
625 751 787 789 magnas
802 738 1116 789 opportunitates
1132 750 1380 787 corrumpere
1395 750 1404 787 3
1454 766 1460 781 Χ

83 804 199 854 facto,
212 817 288 842 non
304 804 482 842 consulto
503 804 542 840 in
564 803 635 840 tali
656 803 830 854 periculo
851 816 947 854 opus
964 816 1069 852 esse,
1093 815 1223 854 seque,
1239 802 1272 839 si
1292 802 1405 852 pauci

83 869 327 919 adjuvarent,
343 869 622 919 languentibus
638 868 739 918 aliis,
752 868 943 918 impetum
964 868 1003 905 in
1019 868 1167 905 curiam
1184 868 1404 904 facturum.'

85 933 98 951 ⁸
114 920 267 978 Natura
287 934 408 982 ferox,
427 933 650 980 vehemens,
669 946 789 970 manu
817 937 1022 983 promptus
1051 938 1157 980 erat3
1189 931 1405 969 maximum

84 996 229 1035 bonum
249 997 288 1034 in
309 997 512 1035 celeritate
538 997 712 1048 putabat.

165 1061 321 1100 XLIV.
367 1061 446 1100 Sed
478 1062 715 1111 Allobroges
749 1075 798 1099 ex
831 1066 1028 1111 praecepto
1069 1060 1273 1099 Ciceronis
1314 1062 1406 1110 ¹per

87 1123 302 1164 Gabinium
332 1130 484 1162 ceteros
514 1125 776 1174 conveniunt,
808 1125 856 1163 ab
890 1124 1075 1174 Lentulo,
1108 1124 1296 1174 Cethego,
1319 1125 1405 1163 Sta-

86 1189 185 1239 tilio,
217 1190 314 1228 item
345 1189 480 1228 Cassio
511 1190 715 1240 postulant
745 1190 1034 1240 jusjurandum,
1067 1191 1172 1242 quod
1207 1190 1404 1240 signatum

84 1254 135 1292 ad
155 1253 259 1292 cives
285 1254 507 1306 perferant:
538 1255 680 1300 ‘aliter
712 1255 816 1292 haud
847 1255 964 1292 facile
995 1268 1060 1292 eos
1090 1255 1138 1292 ad
1161 1260 1315 1292 tantum
1344 1268 1406 1292 ne-

84 1318 235 1369 gotium
275 1317 428 1368 impelli
462 1321 600 1368 posse.'
677 1318 811 1365 Ceteri
843 1319 943 1356 nihil
978 1319 1223 1369 suspicantes
1258 1319 1402 1369 ²dant3

88 1381 248 1421 Cassius
267 1388 392 1420 semet
412 1395 457 1420 eo
489 1383 599 1421 brevi
630 1389 840 1421 venturum
870 1383 1090 1434 pollicetur,
1111 1397 1154 1421 ac
1175 1384 1292 1434 paulo
1315 1389 1406 1422 ante

85 1446 235 1498 legatos
268 1461 316 1486 ex
346 1448 444 1486 urbe
475 1448 744 1499 proficiscitur.
804 1449 999 1487 Lentulus
1030 1462 1118 1486 cum
1151 1450 1212 1487 his
1243 1449 1285 1487 T.
1311 1449 1406 1488 Vol-

86 1503 255 1550 turcium
286 1513 483 1564 quendam
527 1512 852 1552 ³Crotoniensem
888 1514 1028 1563 mittit,
1058 1514 1119 1551 uti
1155 1514 1405 1565 Allobroges,

86 1576 196 1627 prius
226 1590 345 1628 quam
374 1577 532 1614 domum
564 1583 785 1627 pergerent,
817 1590 906 1615 cum
938 1577 1124 1627 Catilina,
1157 1579 1250 1616 data
1279 1585 1319 1616 et
1348 1591 1407 1617 ac·
1443 1599 1449 1608 τ

87 1645 200 1690 cepta
229 1640 317 1690 fide,
348 1641 576 1678 societatem
609 1641 894 1678 confirmarent.
954 1641 1045 1691 Ipse
1078 1641 1288 1679 Volturcio
1317 1641 1406 1679 ⁴lit-
1447 1658 1453 1663 ·

87 1708 194 1742 teras
221 1703 272 1741 ad
307 1701 522 1742 Catilinam
541 1703 622 1752 dat,
642 1717 809 1755 quarum
830 1703 1052 1754 exemplum
1085 1704 1187 1742 infra
1216 1705 1406 1756 scriptum

89 1774 158 1807 est.

168 1831 315 1878 “⁵Qui
346 1832 432 1883 sim,
452 1845 500 1870 ex
531 1845 576 1871 eo
607 1846 724 1885 quem
756 1833 806 1871 ad
838 1838 877 1871 te
898 1833 1000 1884 misi,
1020 1847 1238 1884 cognosces.
1299 1835 1405 1873 “Fac

89 1898 250 1948 cogites,
268 1898 310 1936 in
340 1903 489 1949 quanta
522 1898 748 1937 calamitate
782 1899 848 1949 sis,
874 1905 915 1937 et
945 1900 1173 1938 memineris
1204 1905 1244 1938 te
1276 1900 1405 1939 virum

63 1960 197 2012 Ἀβδη
240 1962 473 2011 consideres,
506 1963 601 2014 quid
632 1968 711 2002 tuae
741 1964 915 2002 rationes
945 1964 1167 2015 postulent:
1212 1965 1405 2003 auxilium

88 2031 201 2076 petas
219 2025 268 2064 ab
288 2025 480 2075 omnibus,
501 2026 619 2063 etiam
640 2027 688 2064 ab
711 2026 886 2065 ⁷nfimis.'’

169 2089 235 2128 Ad
256 2089 328 2127 hoc
358 2090 570 2128 'mandata
590 2091 719 2129 verbis
740 2091 829 2129 dat:
859 2093 1004 2144 ‘quum
1034 2092 1084 2135 ab
1111 2097 1251 2130 senatu
1281 2092 1406 2130 hostis

85 2153 285 2204 judicatus
306 2154 369 2204 sit,
389 2167 466 2206 quo
487 2154 650 2192 consilio
671 2155 832 2194 servitia
851 2157 1060 2207 repudiet?
1091 2157 1131 2194 in
1151 2157 1249 2194 urbe
1268 2162 1407 2206 parata

89 2231 185 2267 esse,
203 2231 291 2270 quae
306 2219 490 2269 jusserit,
522 2232 570 2257 ne
590 2225 797 2258 cunctetur
816 2220 898 2271 ipse
919 2221 1078 2272 propius
1099 2221 1307 2259 accedere.’

169 2282 300 2322 XLV.
334 2283 412 2321 His
431 2284 550 2322 rebus
578 2284 635 2321 ita
667 2284 776 2334 actis,
796 2285 1014 2323 constituta
1043 2291 1170 2333 nocte,
1190 2298 1267 2335 qua
1295 2284 1406 2334 profi-

89 2345 339 2397 ciscerentur,
361 2347 510 2396 Cicero,
530 2361 600 2399 per
620 2348 771 2399 legatos
791 2350 802 2367 ¹
816 2355 957 2387 cuncta
978 2349 1152 2399 edoctus,
1173 2348 1217 2386 L.
1242 2347 1406 2387 Valerio

90 2408 233 2450 Flacco
265 2416 306 2450 et
339 2411 381 2452 0.
405 2411 617 2464 Pomptino
647 2414 882 2478 praetoribus
913 2414 1092 2465 imperat,
1124 2412 1185 2451 uti
1216 2412 1257 2450 in
1286 2416 1406 2464 ponte
