1566 2586
181 171 231 208 80
526 186 568 210 c.
618 185 798 212 (1111811
843 187 1125 216 SALLUSTU

177 283 363 321 diffidenti
382 285 497 323 rebus
516 286 595 324 suis
613 288 828 338 persuadet,
847 290 1043 340 ‘quoniam
1063 304 1102 329 se
1129 292 1268 342 populo
1283 293 1458 341 Romano

175 346 354 396 dedisset,
374 361 419 385 ne
440 350 516 386 vim
536 363 648 399 quam
669 351 969 389 misericordiam
1001 354 1084 402 ejus
1103 355 1268 403 experiri
1294 357 1452 395 mallet!

174 407 361 446 Privatim
391 416 576 459 praeterea
605 412 717 449 fidem
750 426 856 451 suam
889 414 1107 464 interponit,
1125 429 1238 466 quam
1259 417 1351 456 ⁴’ille
1378 432 1453 456 non

172 471 330 508 minoris
348 486 461 522 quam
482 474 674 522 publicam
695 475 882 514 ducebat:
913 476 1004 513 talis
1025 490 1068 514 ea
1098 483 1324 528 tempestate
1351 480 1455 518 fama

172 532 217 570 de
239 533 371 571 Cassio
391 540 483 571 erat.
1390 550 1394 554 ·

248 584 453 634 XXXIII,
486 598 614 647 Igitur
634 599 663 636 J
665 600 842 649 ugurtha,
865 601 1020 638 ¹contra
1039 601 1155 639 decus
1169 603 1328 653 regium,
1343 592 1452 642 cuitu

169 672 282 708 quam
314 660 480 697 maxime
509 661 721 700 miserabili
751 675 836 700 cum
865 662 997 701 Cassio
1027 663 1191 702 Romam
1220 666 1334 703 venit.
1390 667 1452 704 Ac

167 722 323 758 tametsi
343 722 382 759 in
403 723 484 772 ipso
504 737 643 774 magna
661 726 719 763 vis
739 726 857 762 animi
877 731 969 774 erat,
990 726 1234 764 confirmatus
1253 728 1302 766 ab
1335 729 1452 766 omni-

167 783 247 832 bus,
268 797 427 834 quorum
454 788 627 835 potentia
655 792 722 824 aut
752 788 893 825 scelere
925 794 1061 826 cuncta
1091 802 1136 826 ea
1165 795 1347 840 gesserat,
1364 805 1451 842 quae

167 858 280 895 supra
299 847 478 897 diximus,
501 848 539 887 C.
560 849 736 887 Baebium
757 850 954 888 tribunum
974 851 1097 900 plebis
1117 865 1254 901 magna
1273 854 1449 891 mercede

165 908 177 925 ‘¹'
189 914 310 958 parat,
330 912 439 959 cujus
460 912 698 960 impudentia
717 918 849 950 contra
875 915 939 962 jus
959 918 998 950 et
1023 914 1184 962 injurias
1212 927 1342 951 omnes
1368 928 1448 952 mu-

163 971 269 1008 nitus
300 973 408 1010 foret.
466 974 523 1011 At
552 973 592 1013 O.
630 975 847 1024 Memmius,
881 975 1066 1013 advocata
1099 975 1288 1024 concione,
1319 989 1449 1026 quam·

166 1047 280 1084 quam
303 1036 386 1084 regi
406 1035 548 1073 infesta
576 1037 709 1086 plebes
740 1043 832 1085 erat,
852 1042 891 1074 et
946 1050 1034 1087 pars
1063 1037 1128 1074 ‘in
1156 1037 1310 1075 vincula
1337 1038 1447 1075 duci’

158 1099 331 1147 jubebat,
346 1101 479 1148 ³pars,‘
492 1099 531 1135 ni
552 1100 673 1137 socios
693 1100 847 1137 sceleris
867 1100 925 1137 sui
941 1100 1117 1149 aperiret,
1136 1113 1238 1137 more
1258 1102 1446 1150 maj0rum
1487 1097 1489 1099 ¹

162 1163 208 1199 de
250 1163 359 1199 hoste
402 1163 630 1212 supplicium
669 1164 768 1200 sumi
782 1166 802 1212 3’
844 1164 1027 1213 dignitati
1067 1177 1182 1214 quam
1219 1163 1287 1202 irae
1322 1164 1446 1214 magis

160 1226 370 1274 consulens,
384 1226 516 1262 sedare
536 1231 673 1274 motus,
687 1230 726 1262 et
745 1226 892 1263 animos
911 1239 1040 1262 eorum
1057 1226 1227 1274 mollire3
1249 1231 1443 1274 postremo

160 1288 380 1324 confirmare
400 1288 532 1324 ‘fidem
553 1288 746 1337 publicam
765 1301 832 1337 per
851 1301 932 1325 sese
953 1287 1175 1327 inviolatam
1193 1289 1296 1325 fore)
1334 1288 1443 1339 Post,

158 1350 224 1388 ubi
244 1349 441 1387 silentium
461 1351 586 1399 coepit,
605 1351 790 1399 producto
818 1350 847 1387 J
851 1350 1027 1400 ugurtha,
1047 1351 1058 1367 ⁴
1073 1350 1188 1387 verba
1217 1350 1334 1399 facit,
1366 1351 1442 1389 Ro-

157 1426 230 1450 mae
251 1413 521 1463 Numidiaeque
541 1413 711 1450 facinora
731 1414 814 1462 ejus
834 1418 1031 1461 memorat,
1052 1413 1195 1450 scelera
1222 1413 1262 1450 in
1290 1418 1439 1463 patrem

156 1477 370 1527 fratresque
403 1477 582 1514 ostendit.
651 1478 682 1497 ‘³‘
698 1476 846 1522 Quibus
873 1477 1096 1526 juvantibus
1127 1477 1341 1528 quibusque
1373 1479 1440 1515 mi-

156 1540 289 1576 nistris
319 1553 363 1576 ea
396 1540 529 1589 egerit,
547 1553 779 1590 quamquam
809 1540 1011 1588 intellegat
1041 1539 1202 1588 populus
1229 1539 1438 1590 Romanus,

156 1607 283 1638 tamen
316 1602 415 1639 velle
448 1603 651 1639 manifesta
683 1602 805 1651 magis
839 1615 886 1638 ex
919 1602 986 1638 illo
1019 1602 1167 1639 habere.
1236 1601 1278 1639 Si
1304 1615 1437 1640 verum

155 1665 312 1714 aperiat,
333 1665 371 1701 in
391 1665 465 1702 fide
485 1670 524 1702 et
544 1665 748 1702 clementia
771 1665 900 1714 populi
930 1664 1095 1701 Romani
1125 1677 1302 1713 magnam
1331 1677 1435 1714 spem

154 1728 213 1764 illi
251 1729 363 1765 sitam
381 1742 387 1765 1
431 1729 489 1765 sin
526 1729 697 1775 reticeat,
726 1729 737 1745 ⁶
750 1741 826 1766 non
864 1727 977 1766 sociis
1014 1727 1130 1764 saluti
1167 1727 1259 1776 fore,
1291 1727 1358 1764 sed
1395 1740 1436 1765 se

154 1804 315 1841 suasque
335 1805 420 1840 spes
439 1794 729 1841 corrupturum!

231 1853 429 1891 XXXIV.
462 1854 622 1902 Deinde,
641 1854 708 1891 ubi
730 1854 938 1891 Memmius
958 1853 1114 1890 dicendi
1140 1854 1252 1890 finem
1272 1853 1375 1903 fecit,
1394 1859 1436 1891 et

153 1917 182 1954 J
185 1917 350 1966 ugurtha
370 1917 596 1966 respondere
612 1918 742 1966 jussus
761 1922 830 1965 est,
851 1916 891 1955 C.
914 1916 1084 1966 Baebius,
1103 1916 1282 1955 tribunus
1299 1915 1434 1966 plebis,

154 1982 162 1998 ¹
177 1993 289 2030 quem
323 1979 483 2028 pecunia
522 1984 743 2028 corruptum
779 1992 892 2028 supra
924 1979 1103 2028 diximus,
1136 1991 1264 2028 regem
1305 1982 1432 2024 tacere

149 2044 280 2093 jubet:
312 2055 354 2079 ac
375 2042 532 2079 tametsi
551 2042 773 2091 multitudo,
793 2055 878 2093 quae
898 2043 937 2079 in
957 2042 1136 2079 concione
1157 2041 1300 2088 aderat,
1319 2039 1430 2079 vehe-

150 2111 300 2143 menter
318 2117 485 2153 accensa,
506 2105 676 2142 terrebat
702 2119 788 2142 eum
820 2105 996 2152 clamore,
1015 2103 1136 2152 vultu,
1155 2115 1254 2152 saepe
1283 2102 1430 2152 impetu

150 2175 265 2219 atque
285 2169 372 2206 aliis
392 2168 580 2216 omnibus,
599 2181 685 2218 quae
716 2169 773 2205 ira
800 2169 882 2205 fieri
901 2172 1014 2215 amat,
1033 2166 1126 2204 vicit
1155 2171 1283 2202 tamen
1311 2165 1430 2214 impu-

135 2232 290 2268 dentia.
349 2231 412 2268 Ita
431 2230 594 2280 populus
614 2230 782 2267 ludibrio
802 2231 957 2268 habitus
977 2242 1025 2266 ex
1045 2228 1222 2265 concione
1242 2227 1427 2264 discedit:

150 2294 358 2343 Jugurthae
378 2293 596 2343 Bestiaeque
627 2298 666 2330 et
694 2294 842 2342 ceteris,
862 2305 956 2343 quos
985 2291 1054 2328 illa
1078 2290 1239 2341 quaestio
1260 2290 1429 2340 exagita-

148 2357 227 2407 bat,
246 2358 258 2376 ²
272 2358 390 2395 animi
410 2361 628 2406 augescunt.
