1630 2626
249 172 299 210 58
597 185 640 210 c.
689 185 870 212 omsrr
915 185 1195 212 SALLusTn

247 284 426 334 secundo,
444 297 519 336 quo
550 284 629 322 dux
657 284 1032 335 Carthaginiensium
1053 286 1263 336 Hannibal,
1321 292 1408 338 post
1425 301 1528 340 mag-

244 347 462 385 nitudinem
480 348 644 386 nominis
664 348 842 397 Romani,
862 348 991 386 Italiae
1019 362 1108 398 opes
1127 350 1292 387 maxime
1312 351 1526 402 attriverat,

246 410 452 448 Masinissa
492 412 583 449 ‘'rex
618 412 886 460 Numidarum,
915 412 953 448 in
987 412 1196 450 amicitiam
1227 419 1402 464 receptus
1429 428 1452 453 a
1479 415 1523 453 P.

246 472 432 523 Scipione,
461 474 547 511 ‘'cui
577 478 709 523 postea
740 474 924 511 Africano
958 486 1164 533 cognomen
1195 488 1241 512 ex
1270 477 1413 514 virtute
1439 477 1526 528 fuit,

244 536 365 572 multa
395 540 434 572 et
464 535 647 586 praeclara
671 536 727 573 rei
757 536 937 574 militaris
966 537 1135 574 facinora
1160 537 1324 587 fecerat,
1354 539 1402 577 ob
1429 550 1526 590 quae,

242 597 355 636 victis
377 597 771 648 Carthaginiensibus,
791 604 830 636 et
850 602 960 648 capto
981 599 1165 648 Syphace,
1185 601 1295 649 cujus
1322 601 1362 638 in
1390 601 1526 639 Africa

242 672 423 708 magnum
457 665 571 710 atque
611 659 688 697 late
722 650 923 710 imperium
957 661 1088 709 valuit,
1117 662 1280 711 populus
1316 662 1525 711 Romanus,

240 736 498 774 quascumque
518 724 631 762 urbes
655 729 698 761 et
719 737 830 774 agros
849 738 965 761 manu
985 730 1147 775 ceperat,
1166 726 1247 775 regi
1277 726 1376 764 dono
1405 726 1520 764 dedit.

242 787 370 837 Igitur
401 788 571 825 amicitia
603 788 819 825 Masinissae
849 789 948 826 bona
981 794 1096 838 atque
1115 790 1275 827 honesta
1303 790 1413 828 nobis
1443 803 1524 840 per-

240 850 384 887 mansit
401 864 407 887 :
456 852 467 868 ⁷
484 851 635 900 imperii
671 851 836 901 vitaeque
874 853 956 900 ejus
992 851 1078 888 finis
1114 852 1215 888 idem
1251 852 1335 889 fuit.
1410 852 1522 890 *Dein

243 910 407 961 Micipsa
427 912 527 948 filius
547 925 706 961 regnum
727 912 830 949 solus
850 912 1028 961 obtinuit,
1043 913 1307 951 Manastabale
1327 919 1366 950 et
1386 913 1522 953 Gulus-

238 986 280 1011 sa
309 974 494 1011 fratribus
524 975 655 1012 morbo
676 975 899 1024 absumptis.
959 975 1000 1012 Is
1020 975 1282 1012 Adherbalem
1303 981 1343 1012 et
1363 975 1522 1025 Hiemp-

239 1036 361 1074 salem
382 1050 429 1073 ex
449 1050 530 1074 sese
550 1038 684 1086 genuit
701 1051 707 1082 ;
740 1037 767 1075 J
774 1037 1068 1087 ugurthamque,
1090 1038 1370 1076 Manastabalis
1389 1037 1521 1076 fratris

239 1099 374 1147 filium,
393 1112 505 1150 quem
527 1099 744 1148 Masinissa,
764 1100 864 1149 quod
885 1105 992 1136 ortus
1011 1113 1057 1136 ex
1078 1101 1288 1138 concubina
1309 1106 1404 1150 erat,
1424 1101 1520 1150 ‘pri-

237 1167 368 1199 vatum
388 1162 608 1212 reliquerat,
621 1162 753 1199 eodem
771 1162 888 1211 cultu,
901 1175 974 1212 quo
991 1162 1132 1200 liberos
1147 1176 1245 1211 suos,
1258 1163 1360 1200 domi
1373 1163 1517 1201 habuit.

316 1223 389 1261 VI.
423 1225 432 1242 ¹
449 1224 524 1268 Qui
555 1225 622 1262 ubi
652 1225 818 1274 primum
840 1225 1020 1272 adolevit,
1040 1225 1188 1273 pollens
1207 1225 1363 1274 viribuS,
1383 1225 1518 1262 decora

236 1285 344 1334 facie,
363 1287 430 1323 sed
451 1287 573 1324 multo
593 1287 758 1323 maxime
779 1287 931 1335 ingenio
952 1286 1112 1335 validus,
1131 1299 1205 1323 non
1225 1299 1263 1323 se
1283 1286 1376 1324 luxu
1395 1299 1518 1338 neque

235 1347 386 1386 inertiae
406 1349 722 1398 corrumpendum
744 1349 878 1397 dedit,
905 1349 982 1396 sed,
1001 1349 1058 1385 uti
1078 1361 1158 1385 mos
1177 1348 1303 1397 gentis
1323 1348 1428 1386 illius
1447 1353 1518 1399 est,

237 1411 420 1462 equitare,
446 1411 621 1460 jaculari,
642 1424 754 1448 cursu
790 1424 874 1448 cum
895 1411 1108 1461 aequalibus
1128 1417 1297 1460 certare3
1329 1417 1379 1459 et,
1397 1425 1515 1462 quum

236 1487 366 1511 omnes
399 1474 522 1524 gloria
554 1474 731 1522 anteiret,
752 1474 927 1511 omnibus
948 1479 1078 1510 tamen
1099 1486 1208 1510 carus
1237 1486 1338 1522 esse,
1369 1474 1418 1511 ad
1445 1474 1515 1512 hoc

235 1537 414 1587 pleraque
449 1542 621 1586 tempora
654 1537 693 1573 in
725 1537 898 1574 venando
931 1549 1054 1585 agere,
1087 1536 1235 1573 leonem
1270 1541 1386 1586 atque
1420 1535 1516 1574 alias

234 1599 335 1636 feras
366 1599 512 1649 primus
543 1604 610 1636 aut
641 1599 679 1635 in
707 1599 840 1648 primis
861 1599 996 1647 ferire,
1027 1598 1235 1648 plurimum
1254 1598 1390 1647 faeere,
1408 1597 1516 1636 mini-

234 1676 339 1700 mum
367 1663 447 1712 ipse
482 1663 527 1700 de
557 1675 596 1700 se
627 1663 741 1713 loqui.
809 1662 985 1708 ”Quibus
1015 1663 1129 1700 rebus
1162 1662 1327 1711 Micipsa
1358 1661 1516 1699 tametsi

234 1725 344 1762 initio
365 1725 476 1763 laetus
495 1726 631 1774 fuerat,
644 1726 868 1762 existimans
887 1726 1071 1763 virtutem
1089 1725 1117 1762 J
1120 1724 1296 1774 ugurthae
1315 1736 1432 1773 regno
1446 1736 1514 1763 suo

232 1788 366 1837 gloriae
385 1788 477 1838 fore,
493 1793 845 1838 tamen,postquam
866 1788 1057 1825 hominem
1078 1788 1369 1836 adolescentem,
1381 1791 1515 1824 exacta

233 1863 302 1889 sua
320 1855 448 1900 aetate,
468 1856 506 1888 et
535 1851 664 1901 parvis
691 1851 837 1900 liberis,
857 1851 980 1900 magis
1001 1852 1198 1902 magisque
1218 1863 1385 1888 crescere
1405 1851 1514 1888 intel-

233 1913 339 1964 legit,
357 1914 604 1951 vehementer
633 1927 676 1951 eo
706 1915 859 1964 negotio
890 1919 1096 1964 permotus,
1119 1911 1242 1951 miilta
1269 1926 1354 1951 cum
1386 1913 1512 1951 animo

233 1990 300 2015 suo
337 1977 525 2015 volvebat.
607 1977 795 2016 Terrebat
831 1991 918 2015 eum
957 1984 1095 2015 natura
1131 1977 1364 2026 mortalium,
1400 1977 1512 2014 avida

232 2039 395 2090 imperii,
420 2045 459 2077 et
488 2053 654 2090 praeceps
687 2041 734 2077 ad
766 2041 994 2090 explendam
1025 2041 1143 2078 animi
1173 2039 1402 2089 cupidinem,
1420 2052 1511 2089 prae·

232 2107 340 2140 terea
379 2103 668 2152 ’opportunitas
699 2116 776 2140 suae
807 2103 1091 2154 liberorumque
1122 2102 1259 2151 aetatis,
1277 2114 1363 2152 quae
1393 2102 1509 2138 etiam

232 2165 442 2203 mediocres
460 2165 561 2204 viros
581 2178 646 2215 spe
665 2166 803 2215 praedae
823 2171 1057 2204 transversos
1076 2165 1177 2214 agit3
1195 2164 1247 2201 ad
1267 2164 1336 2202 hoo
1355 2164 1368 2182 ⁴
1381 2163 1510 2202 studia

234 2227 489 2265 Numidarum
523 2228 562 2264 in
595 2227 832 2277 Jugurtham
872 2240 1039 2275 accensa,
1069 2240 1117 2264 ex
1144 2225 1292 2276 quibus,
1325 2225 1358 2263 si
1390 2225 1508 2263 talem

230 2288 355 2326 virum
377 2290 474 2327 dolis
494 2289 757 2338 interfecisset,
772 2302 819 2326 ne
834 2302 908 2340 qua
927 2289 1065 2327 seditio
1085 2294 1151 2326 aut
1171 2287 1314 2326 bellum
1333 2287 1508 2338 oriretur,

231 2352 368 2394 anxius
387 2359 478 2395 erat,
